3390 5122
535 443 580 488 oa
602 439 843 486 conroslrroua
864 435 1044 496 inroravit,
1069 436 1089 478 1.
1321 419 1374 475 191

326 601 386 665 Fit
402 607 518 666 autem
536 597 650 686 primo
670 597 707 662 in
734 617 803 661 uno
833 593 954 660 ordine
982 590 1216 672 consistendO,
1241 595 1302 655 aut
1332 611 1380 653 so-

237 725 349 793 cundo
372 749 435 813 per
458 725 611 790 diversos
636 723 773 789 ordines
792 719 951 807 vagando
971 717 1122 784 eiusdem
1141 716 1296 803 generis,
1321 722 1382 780 aut

235 852 340 917 tortio
360 852 402 916 de
422 851 492 917 suis
515 851 599 917 locis
623 845 953 914 adcommodatiores
975 844 1165 910 formarum
1188 849 1304 930 partos
1329 863 1382 906 ca-

235 977 372 1065 piendo.
392 978 460 1042 Res
480 977 556 1063 ipsa
575 975 697 1040 melius
718 996 783 1040 usu
803 995 906 1058 quam
919 969 996 1038 aliis
1011 967 1312 1058 praeceptionibus
1331 966 1382 1031 in-

191 1103 211 1165 b
236 1102 407 1168 sinuantia
425 1102 644 1189 proponitur.

591 1321 691 1361 Primum
703 1321 874 1372 compositionis
889 1322 1024 1371 exemplum.

324 1510 425 1587 Quod
444 1508 488 1574 ad
506 1507 658 1609 primum
675 1507 724 1591 (in
744 1529 813 1572 uno
831 1507 993 1573 videlieet
1012 1505 1132 1572 ordine
1149 1507 1366 1590 consistenti)

234 1635 359 1699 Aarair
398 1633 598 1698 conficimus
628 1638 702 1698 turn
733 1654 776 1695 ex
811 1631 970 1718 partibus
1001 1631 1134 1715 altaris,
1172 1632 1309 1717 quando
1340 1655 1382 1696 ex

236 1758 380 1825 orientis
407 1758 528 1845 anguli
552 1758 672 1823 (iextra
700 1764 734 1822 et
765 1757 885 1822 dextra
911 1757 1032 1843 anguli
1056 1757 1328 1845 septemtrionis,
1349 1765 1384 1823 et

171 1894 213 1956 10
236 1885 357 1951 dextra
385 1884 530 1949 orientis
554 1906 596 1948 ex
626 1883 759 1949 oriente
779 1889 814 1947 et
843 1882 984 1948 sinistra
1012 1883 1201 1949 occidentis
1225 1906 1313 1970 aqua
1340 1883 1381 1949 de

237 2032 372 2076 carcero
390 2009 568 2075 diffluente
585 2008 729 2073 alluitur
747 2007 785 2072 in
803 2008 941 2072 lavacro
961 2006 1097 2090 thorax,
1118 2009 1178 2093 qui
1198 2008 1278 2094 igne
1303 2031 1382 2074 con·

235 2142 392 2201 sumente
411 2134 584 2212 coalescit3
604 2141 680 2197 tum
704 2155 746 2197 ex
772 2132 930 2219 partibus
959 2133 1116 2217 carceris,
1142 2133 1202 2198 ubi
1225 2133 1291 2198 erit
1310 2133 1384 2199 illa-

236 2266 381 2344 queatus
400 2281 523 2326 manus
541 2258 745 2346 psalterium
764 2256 808 2323 ad
827 2256 1016 2340 (lenteram,
1033 2257 1077 2323 ad
1096 2258 1273 2324 sinistram
1295 2259 1381 2347 psit-

234 2392 352 2451 tacum
371 2391 483 2450 rostro
516 2385 651 2450 vetulae
671 2384 808 2449 oculum
828 2382 1048 2448 effodientem
1073 2383 1219 2463 habens;
1241 2391 1316 2449 tum
1338 2405 1381 2448 ex

169 2526 211 2589 15
235 2509 393 2598 partibus
413 2531 571 2594 coronae,
593 2509 730 2594 quando
746 2508 791 2574 ad
806 2508 974 2595 piscinam
999 2532 1040 2573 ex
1059 2509 1197 2574 inferno
1221 2518 1255 2575 et
1274 2510 1311 2575 in
1330 2509 1382 2575 in-

234 2636 332 2701 ferno
352 2635 395 2701 ad
415 2635 565 2701 thermas
581 2635 779 2701 thesaurum
795 2640 940 2720 portans
956 2634 1065 2700 exibit
1079 2636 1237 2702 camelus.
1259 2635 1379 2701 Simile

234 2762 401 2827 iudicium
420 2762 625 2828 incaeteris.

574 2987 701 3028 Secundum
716 2987 886 3037 compositionis
898 2988 1034 3037 exemplum.
1406 2976 1479 3039 96

326 3171 425 3250 Quod
438 3171 482 3238 ad
495 3173 695 3256 secundum,
716 3198 839 3262 nempe
858 3199 920 3263 per
938 3175 1092 3242 diversos
1110 3175 1261 3242 eiusdem
1277 3200 1378 3264 gene-

169 3299 213 3362 20
235 3297 282 3362 ris
302 3297 438 3363 ordines
456 3298 630 3384 vagando,
650 3306 691 3365 ut
713 3300 756 3365 ab
781 3301 883 3367 altari
907 3301 950 3366 ad
973 3301 1152 3366 basilicam
1171 3302 1227 3367 vel
1245 3302 1377 3368 fontem

236 3423 291 3488 vel
310 3422 502 3509 speculum,
520 3425 575 3489 vel
594 3448 613 3489 a
633 3446 837 3512 quocunque
859 3426 981 3492 horum
1005 3434 1040 3490 et
1059 3427 1206 3492 aliorum
1225 3427 1269 3493 ad
1292 3428 1377 3494 alios

235 3546 347 3633 adque
369 3547 431 3613 hos
450 3548 488 3614 in
515 3552 798 3637 compositionem
824 3552 1046 3618 assumendos
1064 3553 1298 3640 procedend0‚
1315 3555 1377 3620 ubi

235 3680 297 3739 aut
327 3695 453 3739 sonans
486 3683 731 3741 consonantem
751 3678 939 3764 praecedit,
960 3687 999 3745 ut
1026 3679 1063 3743 in
1083 3680 1198 3763 altari,
1219 3681 1375 3765 equuleo²

236 3798 346 3882 icone,
367 3799 463 3882 ovili,
484 3808 519 3867 et
538 3808 623 3866 tunc
641 3801 809 3888 imagines
826 3827 889 3891 pro
914 3827 974 3870 sua
998 3805 1195 3871 conditione
1219 3805 1377 3872 absoluta

169 3929 213 3992 25
236 3931 318 3990 sunt
337 3947 531 4012 expressae3
556 3935 617 3992 aut
640 3935 820 3993 sonantem
851 3952 1000 3996 consona
1028 3931 1217 4018 praecedit,
1241 3939 1276 3996 et
1295 3939 1379 3998 tunc

236 4050 290 4114 vel
309 4050 398 4115 hanc
426 4050 646 4137 simpliciter,
668 4061 707 4118 ut
737 4054 797 4119 ubi
824 4055 972 4139 geminis
991 4055 1102 4142 figura
1133 4056 1292 4122 consistit
1316 4057 1380 4121 ele-

236 4176 374 4258 mentis,
395 4183 429 4241 et
453 4176 502 4242 sic
522 4184 582 4242 aut
601 4186 739 4243 tantum
763 4179 878 4266 imago
898 4181 979 4246 atrii
1009 4181 1167 4263 sufficiet,
1187 4204 1265 4247 cnm
1282 4183 1377 4268 quin·

328 4389 499 4457 Sterti013.
591 4392 817 4458 9Septotrionis
902 4394 932 4443 13
952 4409 1050 4445 manes
1134 4396 1213 4445 13.14
1234 4397 1376 4461 psythaou

237 4471 268 4520 16
284 4475 390 4521 termas
455 4471 485 4520 17
502 4473 624 4523 coeteris
