3390 5122
748 425 886 470 manum
909 426 1009 472 uuvur

756 713 909 780 CAPVT
942 712 1001 778 VI.

748 868 850 918 Sigillum
865 869 892 908 V.
909 867 1003 908 eatena.

396 1079 524 1145 Ordine
542 1086 687 1145 naturae
707 1079 840 1165 quoties
858 1101 929 1145 non
946 1080 1067 1146 iuncta
1084 1079 1241 1145 ferentur

307 1204 430 1289 Devia,
450 1211 568 1269 nostra
586 1203 680 1269 valet
698 1203 806 1269 solide
821 1205 953 1270 vincire
973 1211 1103 1270 catena.

263 1331 284 1395 5
307 1328 394 1394 Heio
413 1329 541 1395 etenim
560 1329 598 1395 in
617 1330 731 1416 cyclos
749 1330 810 1395 ubi
826 1337 908 1396 sunt
926 1330 1114 1417 migrantia
1134 1331 1290 1396 membra

308 1453 365 1518 Sic
383 1460 549 1541 tangunt,
568 1460 713 1520 nectunt
732 1456 1075 1542 complectunturque
1094 1455 1266 1540 vicissim,

308 1578 357 1645 Ut
376 1578 519 1644 caudam
538 1579 644 1666 primi
659 1580 771 1667 capite
788 1581 976 1668 arripiente
996 1579 1138 1648 secundi

307 1704 453 1771 Praevia
471 1712 637 1792 perpetuo
656 1705 854 1793 pariterque
870 1712 1034 1791 sequente
1050 1716 1265 1793 premantur,

310 1829 384 1908 Quo
403 1829 507 1895 liceat
526 1830 667 1895 tandem
686 1830 857 1896 insinuari
875 1838 1000 1896 cuncta
1018 1854 1080 1918 per
1099 1853 1217 1896 unum.

243 1958 285 2021 10
308 1955 413 2021 Entia
432 1978 467 2021 se
485 1954 650 2042 gradibus
670 1963 751 2021 sunt
770 1955 1050 2041 consequitantia
1069 1956 1187 2041 certis,

307 2081 415 2147 Linea
434 2104 496 2148 ceu
515 2088 685 2147 monstrat
705 2082 797 2148 caelo
817 2104 904 2167 quae
922 2082 1049 2169 pendet
1068 2081 1111 2147 ab
1133 2082 1218 2166 alto,

308 2207 419 2284 Quam
437 2208 529 2274 Iovis
548 2206 709 2272 immittit
727 2228 849 2273 manus
866 2213 901 2272 et
917 2207 1084 2272 meliorib'
1104 2206 1276 2273 Homerus

307 2331 530 2420 Comprendit
549 2356 667 2399 caecus
686 2331 877 2398 luminibus
894 2331 952 2397 ille
971 2338 1147 2414 catenam,

309 2456 403 2535 Quae
420 2459 522 2523 certis
540 2480 721 2523 numerum
740 2457 905 2545 gradibus
922 2457 1071 2544 complet
1089 2457 1294 2544 specierum,

245 2576 286 2639 15
309 2582 358 2648 Ut
377 2605 538 2669 superum
558 2605 680 2670 supero
700 2605 892 2648 connexum
911 2582 960 2649 sic
976 2583 1040 2648 siet
1056 2582 1182 2666 imum,

309 2706 383 2782 Quo
402 2706 530 2793 gradus
548 2706 704 2773 infernae
723 2707 848 2794 speciei
869 2707 1013 2793 quisque
1034 2730 1202 2795 supernus

308 2832 499 2919 Affinisque
517 2833 606 2899 imus
625 2856 768 2920 superae
788 2840 970 2899 concurrat
989 2833 1025 2897 in
1045 2855 1171 2898 unum.

306 2957 432 3044 Cyclua
451 2957 628 3045 signorum
648 2958 808 3044 obliquus
827 2958 908 3041 tibi,
926 2958 1038 3044 qualis
1059 2959 1095 3023 in
1115 2958 1186 3023 alto

307 3083 439 3150 Siderei
457 3083 604 3149 inflexus
624 3083 743 3149 mundi
763 3084 974 3169 confingitur
992 3084 1074 3149 orbe

239 3208 284 3271 ‘20
305 3186 366 3276 Bis
385 3210 476 3276 senis
494 3208 632 3296 fulgens
651 3231 771 3296 campo
790 3210 827 3273 in
848 3209 992 3274 coeleste
1007 3208 1144 3295 figuris,

305 3335 456 3401 Nomina
474 3341 618 3401 naturae
637 3334 877 3422 complectitur
896 3333 1015 3399 ordine
1036 3334 1157 3399 mult0.

304 3460 449 3527 Velleris
468 3460 581 3526 aurati
596 3482 700 3547 pecus
716 3458 791 3524 heic
807 3459 959 3535 Taurum
975 3460 1064 3547 petit
1081 3458 1162 3525 altis

305 3586 485 3670 Cornibus,
503 3588 662 3674 Europae
680 3592 798 3652 vector
818 3586 974 3651 sublatus
990 3587 1027 3651 in
1044 3586 1132 3651 iram

304 3712 413 3778 Irruit
431 3712 469 3777 in
487 3732 611 3799 pueros
630 3711 774 3776 immani
789 3709 905 3776 fronte
925 3710 1110 3794 GemellOS,

239 3841 281 3903 25
304 3839 377 3904 Hos
395 3837 529 3925 trepide
543 3835 708 3925 profugos
727 3836 844 3901 affines
862 3836 1021 3922 protinus
1041 3837 1153 3903 undae

304 3964 506 4053 Excipiunt,
526 3965 645 4050 pulsus
662 3961 897 4049 Lympharum
917 3961 1048 4027 Cancer
1067 3964 1227 4030 alumnus

305 4089 448 4178 Raptim
466 4097 568 4174 atque
588 4087 726 4172 oblique
742 4094 883 4174 reptans
903 4087 1024 4152 villosa
1042 4089 1169 4154 Leonis

307 4214 376 4282 Ora
395 4216 500 4300 subit,
521 4215 612 4280 rictu
632 4213 691 4298 qui
711 4213 861 4301 percitus
880 4212 961 4278 inde
977 4213 1085 4278 feroci

398 4485 571 4548 aestuem,
589 4486 604 4534 l
622 4484 743 4535 cathena
760 4490 806 4534 etc.
871 4486 900 4534 12
918 4485 1068 4536 melioribi'r
1084 4487 1142 4552 (sic)
1207 4490 1237 4537 19
1254 4489 1373 4552 Sydcrci
