<?xml version="1.0" encoding="UTF-8"?>
<!DOCTYPE html PUBLIC "-//W3C//DTD XHTML 1.0 Transitional//EN"
    "http://www.w3.org/TR/xhtml1/DTD/xhtml1-transitional.dtd">
<html xmlns="http://www.w3.org/1999/xhtml" xml:lang="en" lang="en">
 <head>
  <title>
</title>
<meta http-equiv="Content-Type" content="text/html;charset=utf-8" />
  <meta name='ocr-system' content='tesseract 3.04.00' />
  <meta name='ocr-capabilities' content='ocr_page ocr_carea ocr_par ocr_line ocrx_word'/>
</head>
<body>
  <div class='ocr_page' id='page_1' title='image "./jordanibruninol00brungoog_0078.png"; bbox 0 0 3390 5122; ppageno 0'>
   <div class='ocr_carea' id='block_1_1' title="bbox 575 450 1372 508">
    <p class='ocr_par' dir='ltr' id='par_1_1' title="bbox 575 450 1372 508">
     <span class='ocr_line' id='line_1_1' title="bbox 575 450 1372 508; baseline 0.005 -4"><span class='ocrx_word' id='word_1_1' title='bbox 575 460 620 505; x_wconf 79' lang='lat' dir='ltr'><strong>nn</strong></span> <span class='ocrx_word' id='word_1_2' title='bbox 640 460 799 505; x_wconf 66' lang='lat' dir='ltr'><strong>nunnius</strong></span> <span class='ocrx_word' id='word_1_3' title='bbox 819 461 1018 507; x_wconf 77' lang='lat' dir='ltr'><strong>vnnnroun.</strong></span> <span class='ocrx_word' id='word_1_4' title='bbox 1333 450 1372 508; x_wconf 83' lang='lat'><strong>65</strong></span> 
     </span>
    </p>
   </div>
   <div class='ocr_carea' id='block_1_2' title="bbox 160 616 1561 2963">
    <p class='ocr_par' dir='ltr' id='par_1_2' title="bbox 227 616 1372 1082">
     <span class='ocr_line' id='line_1_2' title="bbox 227 616 1370 703; baseline 0.005 -23"><span class='ocrx_word' id='word_1_5' title='bbox 227 638 305 681; x_wconf 81' lang='lat' dir='ltr'><strong>erun</strong></span> <span class='ocrx_word' id='word_1_6' title='bbox 324 622 442 681; x_wconf 88' lang='lat' dir='ltr'><strong>tamen</strong></span> <span class='ocrx_word' id='word_1_7' title='bbox 460 616 664 682; x_wconf 88' lang='lat' dir='ltr'><strong>intendatur</strong></span> <span class='ocrx_word' id='word_1_8' title='bbox 675 617 943 703; x_wconf 87' lang='lat' dir='ltr'><strong>remittaturquc</strong></span> <span class='ocrx_word' id='word_1_9' title='bbox 956 618 1144 701; x_wconf 80' lang='lat' dir='ltr'><strong>dubitatio,</strong></span> <span class='ocrx_word' id='word_1_10' title='bbox 1165 641 1235 686; x_wconf 88' lang='lat' dir='ltr'><strong>non</strong></span> <span class='ocrx_word' id='word_1_11' title='bbox 1255 627 1370 686; x_wconf 90' lang='lat' dir='ltr'><strong>autern</strong></span> 
     </span>
     <span class='ocr_line' id='line_1_3' title="bbox 227 741 1372 831; baseline 0.005 -25"><span class='ocrx_word' id='word_1_12' title='bbox 227 741 428 826; x_wconf 79' lang='lat' dir='ltr'><strong>aequalitas.</strong></span> <span class='ocrx_word' id='word_1_13' title='bbox 453 741 631 828; x_wconf 88' lang='lat' dir='ltr'><strong>Vigesima</strong></span> <span class='ocrx_word' id='word_1_14' title='bbox 658 766 703 808; x_wconf 90' lang='lat' dir='ltr'><strong>an</strong></span> <span class='ocrx_word' id='word_1_15' title='bbox 728 765 799 809; x_wconf 93' lang='lat' dir='ltr'><strong>non</strong></span> <span class='ocrx_word' id='word_1_16' title='bbox 828 743 1045 809; x_wconf 89' lang='lat' dir='ltr'><strong>substantive</strong></span> <span class='ocrx_word' id='word_1_17' title='bbox 1074 745 1372 831; x_wconf 79' lang='lat' dir='ltr'><strong>essentialiterque</strong></span> 
     </span>
     <span class='ocr_line' id='line_1_4' title="bbox 227 864 1372 956; baseline 0.008 -27"><span class='ocrx_word' id='word_1_18' title='bbox 227 864 368 950; x_wconf 86' lang='lat' dir='ltr'><strong>dicitur,</strong></span> <span class='ocrx_word' id='word_1_19' title='bbox 393 865 453 931; x_wconf 88' lang='lat' dir='ltr'><strong>sed</strong></span> <span class='ocrx_word' id='word_1_20' title='bbox 482 865 659 932; x_wconf 82' lang='lat' dir='ltr'><strong>adjective.</strong></span> <span class='ocrx_word' id='word_1_21' title='bbox 687 867 978 956; x_wconf 85' lang='lat' dir='ltr'><strong>Vigesimaprima</strong></span> <span class='ocrx_word' id='word_1_22' title='bbox 1005 890 1050 933; x_wconf 91' lang='lat' dir='ltr'><strong>an</strong></span> <span class='ocrx_word' id='word_1_23' title='bbox 1070 892 1202 955; x_wconf 89' lang='lat' dir='ltr'><strong>eorum,</strong></span> <span class='ocrx_word' id='word_1_24' title='bbox 1219 893 1306 955; x_wconf 86' lang='lat' dir='ltr'><strong>quae</strong></span> <span class='ocrx_word' id='word_1_25' title='bbox 1322 895 1372 938; x_wconf 87' lang='lat' dir='ltr'><strong>sc-</strong></span> 
     </span>
     <span class='ocr_line' id='line_1_5' title="bbox 227 991 1371 1082; baseline 0.005 -27"><span class='ocrx_word' id='word_1_26' title='bbox 227 991 376 1056; x_wconf 84' lang='lat' dir='ltr'><strong>cundum</strong></span> <span class='ocrx_word' id='word_1_27' title='bbox 404 991 601 1077; x_wconf 85' lang='lat' dir='ltr'><strong>analogiam</strong></span> <span class='ocrx_word' id='word_1_28' title='bbox 628 992 802 1077; x_wconf 88' lang='lat' dir='ltr'><strong>quandam</strong></span> <span class='ocrx_word' id='word_1_29' title='bbox 830 992 1006 1078; x_wconf 84' lang='lat' dir='ltr'><strong>dicuntur,</strong></span> <span class='ocrx_word' id='word_1_30' title='bbox 1028 993 1186 1061; x_wconf 84' lang='lat' dir='ltr'><strong>credatur</strong></span> <span class='ocrx_word' id='word_1_31' title='bbox 1215 1018 1287 1061; x_wconf 90' lang='lat' dir='ltr'><strong>esse</strong></span> <span class='ocrx_word' id='word_1_32' title='bbox 1315 1018 1371 1082; x_wconf 90' lang='lat' dir='ltr'><strong>ge·</strong></span> 
     </span>
    </p>

    <p class='ocr_par' dir='ltr' id='par_1_3' title="bbox 182 1117 1561 1707">
     <span class='ocr_line' id='line_1_6' title="bbox 182 1117 1561 1208; baseline 0.003 -24"><span class='ocrx_word' id='word_1_33' title='bbox 182 1119 203 1184; x_wconf 77' lang='lat' dir='ltr'><strong>b</strong></span> <span class='ocrx_word' id='word_1_34' title='bbox 227 1138 312 1199; x_wconf 90' lang='lat' dir='ltr'><strong>nus;</strong></span> <span class='ocrx_word' id='word_1_35' title='bbox 330 1139 409 1182; x_wconf 90' lang='lat' dir='ltr'><strong>cum</strong></span> <span class='ocrx_word' id='word_1_36' title='bbox 428 1117 521 1182; x_wconf 92' lang='lat' dir='ltr'><strong>enim</strong></span> <span class='ocrx_word' id='word_1_37' title='bbox 540 1140 601 1183; x_wconf 89' lang='lat' dir='ltr'><strong>ens</strong></span> <span class='ocrx_word' id='word_1_38' title='bbox 625 1118 812 1184; x_wconf 88' lang='lat' dir='ltr'><strong>secundum</strong></span> <span class='ocrx_word' id='word_1_39' title='bbox 832 1118 1003 1185; x_wconf 89' lang='lat' dir='ltr'><strong>diversam</strong></span> <span class='ocrx_word' id='word_1_40' title='bbox 1019 1119 1189 1185; x_wconf 89' lang='lat' dir='ltr'><strong>rationem</strong></span> <span class='ocrx_word' id='word_1_41' title='bbox 1210 1120 1214 1208; x_wconf 70' lang='grc'>1</span> <span class='ocrx_word' id='word_1_42' title='bbox 1235 1119 1370 1187; x_wconf 82' lang='lat' dir='ltr'><strong>dicatur</strong></span> <span class='ocrx_word' id='word_1_43' title='bbox 1396 1133 1505 1197; x_wconf 73' lang='lat'><strong>&#39;754</strong></span> <span class='ocrx_word' id='word_1_44' title='bbox 1520 1131 1561 1198; x_wconf 81' lang='lat' dir='ltr'>G</span> 
     </span>
     <span class='ocr_line' id='line_1_7' title="bbox 228 1240 1370 1330; baseline 0.005 -24"><span class='ocrx_word' id='word_1_45' title='bbox 228 1240 270 1306; x_wconf 81' lang='lat' dir='ltr'><strong>cle</strong></span> <span class='ocrx_word' id='word_1_46' title='bbox 289 1241 486 1308; x_wconf 86' lang='lat' dir='ltr'><strong>substantia</strong></span> <span class='ocrx_word' id='word_1_47' title='bbox 505 1243 719 1330; x_wconf 88' lang='lat' dir='ltr'><strong>incorporea,</strong></span> <span class='ocrx_word' id='word_1_48' title='bbox 740 1265 904 1330; x_wconf 90' lang='lat' dir='ltr'><strong>corporea</strong></span> <span class='ocrx_word' id='word_1_49' title='bbox 922 1251 956 1309; x_wconf 91' lang='lat' dir='ltr'><strong>et</strong></span> <span class='ocrx_word' id='word_1_50' title='bbox 983 1243 1161 1310; x_wconf 86' lang='lat' dir='ltr'><strong>accidente</strong></span> <span class='ocrx_word' id='word_1_51' title='bbox 1184 1251 1219 1310; x_wconf 89' lang='lat' dir='ltr'><strong>et</strong></span> <span class='ocrx_word' id='word_1_52' title='bbox 1246 1245 1370 1312; x_wconf 90' lang='lat' dir='ltr'><strong>horum</strong></span> 
     </span>
     <span class='ocr_line' id='line_1_8' title="bbox 226 1367 1372 1455; baseline 0.006 -24"><span class='ocrx_word' id='word_1_53' title='bbox 226 1367 494 1452; x_wconf 89' lang='lat' dir='ltr'><strong>intentionibus,</strong></span> <span class='ocrx_word' id='word_1_54' title='bbox 516 1391 604 1453; x_wconf 92' lang='lat' dir='ltr'><strong>quae</strong></span> <span class='ocrx_word' id='word_1_55' title='bbox 623 1390 694 1435; x_wconf 89' lang='lat' dir='ltr'><strong>non</strong></span> <span class='ocrx_word' id='word_1_56' title='bbox 718 1368 812 1434; x_wconf 88' lang='lat' dir='ltr'><strong>entia</strong></span> <span class='ocrx_word' id='word_1_57' title='bbox 841 1376 922 1435; x_wconf 91' lang='lat' dir='ltr'><strong>sunt</strong></span> <span class='ocrx_word' id='word_1_58' title='bbox 945 1369 1005 1434; x_wconf 88' lang='lat' dir='ltr'><strong>sed</strong></span> <span class='ocrx_word' id='word_1_59' title='bbox 1028 1369 1178 1455; x_wconf 90' lang='lat' dir='ltr'><strong>entium,</strong></span> <span class='ocrx_word' id='word_1_60' title='bbox 1199 1370 1295 1437; x_wconf 89' lang='lat' dir='ltr'><strong>nulla</strong></span> <span class='ocrx_word' id='word_1_61' title='bbox 1315 1371 1372 1438; x_wconf 93' lang='lat' dir='ltr'><strong>ho-</strong></span> 
     </span>
     <span class='ocr_line' id='line_1_9' title="bbox 226 1493 1372 1581; baseline 0.005 -25"><span class='ocrx_word' id='word_1_62' title='bbox 226 1514 304 1557; x_wconf 89' lang='lat' dir='ltr'><strong>rum</strong></span> <span class='ocrx_word' id='word_1_63' title='bbox 323 1493 476 1558; x_wconf 83' lang='lat' dir='ltr'><strong>omniurn</strong></span> <span class='ocrx_word' id='word_1_64' title='bbox 497 1493 629 1581; x_wconf 91' lang='lat' dir='ltr'><strong>poterit</strong></span> <span class='ocrx_word' id='word_1_65' title='bbox 652 1517 724 1560; x_wconf 87' lang='lat' dir='ltr'><strong>esse</strong></span> <span class='ocrx_word' id='word_1_66' title='bbox 746 1517 856 1581; x_wconf 87' lang='lat' dir='ltr'><strong>genus</strong></span> <span class='ocrx_word' id='word_1_67' title='bbox 876 1495 1019 1560; x_wconf 89' lang='lat' dir='ltr'><strong>ratione.</strong></span> <span class='ocrx_word' id='word_1_68' title='bbox 1043 1495 1372 1581; x_wconf 81' lang='lat' dir='ltr'><strong>vigesimasecunda</strong></span> 
     </span>
     <span class='ocr_line' id='line_1_10' title="bbox 226 1619 1369 1707; baseline 0.004 -25"><span class='ocrx_word' id='word_1_69' title='bbox 226 1641 272 1683; x_wconf 90' lang='lat' dir='ltr'><strong>an</strong></span> <span class='ocrx_word' id='word_1_70' title='bbox 290 1628 448 1706; x_wconf 88' lang='lat' dir='ltr'><strong>respectu</strong></span> <span class='ocrx_word' id='word_1_71' title='bbox 476 1641 607 1704; x_wconf 90' lang='lat' dir='ltr'><strong>eorum,</strong></span> <span class='ocrx_word' id='word_1_72' title='bbox 628 1643 716 1706; x_wconf 89' lang='lat' dir='ltr'><strong>quue</strong></span> <span class='ocrx_word' id='word_1_73' title='bbox 744 1620 856 1707; x_wconf 87' lang='lat' dir='ltr'><strong>specie</strong></span> <span class='ocrx_word' id='word_1_74' title='bbox 884 1642 955 1687; x_wconf 88' lang='lat' dir='ltr'><strong>non</strong></span> <span class='ocrx_word' id='word_1_75' title='bbox 974 1619 1153 1704; x_wconf 80' lang='lat' dir='ltr'><strong>differunt,</strong></span> <span class='ocrx_word' id='word_1_76' title='bbox 1173 1643 1283 1707; x_wconf 89' lang='lat' dir='ltr'><strong>genus</strong></span> <span class='ocrx_word' id='word_1_77' title='bbox 1310 1622 1369 1687; x_wconf 91' lang='lat' dir='ltr'><strong>ha·</strong></span> 
     </span>
    </p>

    <p class='ocr_par' dir='ltr' id='par_1_4' title="bbox 161 1744 1370 2335">
     <span class='ocr_line' id='line_1_11' title="bbox 161 1744 1370 1832; baseline 0.004 -24"><span class='ocrx_word' id='word_1_78' title='bbox 161 1744 203 1808; x_wconf 88' lang='lat'><strong>10</strong></span> <span class='ocrx_word' id='word_1_79' title='bbox 226 1744 361 1826; x_wconf 89' lang='lat' dir='ltr'><strong>beatur;</strong></span> <span class='ocrx_word' id='word_1_80' title='bbox 382 1751 422 1810; x_wconf 88' lang='lat' dir='ltr'><strong>ut</strong></span> <span class='ocrx_word' id='word_1_81' title='bbox 445 1745 474 1809; x_wconf 94' lang='lat' dir='ltr'><strong>si</strong></span> <span class='ocrx_word' id='word_1_82' title='bbox 501 1745 688 1812; x_wconf 86' lang='lat' dir='ltr'><strong>insecabile</strong></span> <span class='ocrx_word' id='word_1_83' title='bbox 706 1746 877 1812; x_wconf 90' lang='lat' dir='ltr'><strong>linearum</strong></span> <span class='ocrx_word' id='word_1_84' title='bbox 896 1746 1033 1812; x_wconf 88' lang='lat' dir='ltr'><strong>dicatur</strong></span> <span class='ocrx_word' id='word_1_85' title='bbox 1057 1768 1129 1812; x_wconf 89' lang='lat' dir='ltr'><strong>esse</strong></span> <span class='ocrx_word' id='word_1_86' title='bbox 1147 1768 1271 1832; x_wconf 74' lang='lat' dir='ltr'><strong>genuS,</strong></span> <span class='ocrx_word' id='word_1_87' title='bbox 1291 1769 1370 1813; x_wconf 90' lang='lat' dir='ltr'><strong>cum</strong></span> 
     </span>
     <span class='ocr_line' id='line_1_12' title="bbox 225 1868 1369 1957; baseline 0.004 -24"><span class='ocrx_word' id='word_1_88' title='bbox 225 1868 317 1934; x_wconf 84' lang='lat' dir='ltr'><strong>idem</strong></span> <span class='ocrx_word' id='word_1_89' title='bbox 337 1869 379 1935; x_wconf 76' lang='lat' dir='ltr'><strong>cle</strong></span> <span class='ocrx_word' id='word_1_90' title='bbox 398 1869 645 1937; x_wconf 88' lang='lat' dir='ltr'><strong>insecabilibus</strong></span> <span class='ocrx_word' id='word_1_91' title='bbox 668 1870 737 1936; x_wconf 86' lang='lat' dir='ltr'><strong>dici</strong></span> <span class='ocrx_word' id='word_1_92' title='bbox 761 1878 919 1957; x_wconf 78' lang='lat' dir='ltr'><strong>nequeat.</strong></span> <span class='ocrx_word' id='word_1_93' title='bbox 938 1870 1222 1957; x_wconf 86' lang='lat' dir='ltr'><strong>Vigesimatertia</strong></span> <span class='ocrx_word' id='word_1_94' title='bbox 1240 1895 1285 1937; x_wconf 91' lang='lat' dir='ltr'><strong>an</strong></span> <span class='ocrx_word' id='word_1_95' title='bbox 1304 1872 1369 1938; x_wconf 90' lang='lat' dir='ltr'><strong>sub</strong></span> 
     </span>
     <span class='ocr_line' id='line_1_13' title="bbox 225 1994 1369 2083; baseline 0.004 -25"><span class='ocrx_word' id='word_1_96' title='bbox 225 1994 315 2059; x_wconf 88' lang='lat' dir='ltr'><strong>mala</strong></span> <span class='ocrx_word' id='word_1_97' title='bbox 332 1995 470 2080; x_wconf 85' lang='lat' dir='ltr'><strong>generis</strong></span> <span class='ocrx_word' id='word_1_98' title='bbox 494 1995 694 2063; x_wconf 85' lang='lat' dir='ltr'><strong>definitione</strong></span> <span class='ocrx_word' id='word_1_99' title='bbox 717 1997 853 2083; x_wconf 88' lang='lat' dir='ltr'><strong>generis</strong></span> <span class='ocrx_word' id='word_1_100' title='bbox 877 1997 1043 2063; x_wconf 89' lang='lat' dir='ltr'><strong>iudicium</strong></span> <span class='ocrx_word' id='word_1_101' title='bbox 1066 1996 1217 2062; x_wconf 90' lang='lat' dir='ltr'><strong>militare</strong></span> <span class='ocrx_word' id='word_1_102' title='bbox 1237 1998 1369 2063; x_wconf 90' lang='lat' dir='ltr'><strong>contin-</strong></span> 
     </span>
     <span class='ocr_line' id='line_1_14' title="bbox 224 2121 1368 2209; baseline 0.004 -25"><span class='ocrx_word' id='word_1_103' title='bbox 224 2128 299 2207; x_wconf 76' lang='lat' dir='ltr'><strong>gat3</strong></span> <span class='ocrx_word' id='word_1_104' title='bbox 311 2121 546 2207; x_wconf 87' lang='lat' dir='ltr'><strong>Pyrrhoniani</strong></span> <span class='ocrx_word' id='word_1_105' title='bbox 562 2121 654 2187; x_wconf 90' lang='lat' dir='ltr'><strong>enim</strong></span> <span class='ocrx_word' id='word_1_106' title='bbox 672 2122 843 2189; x_wconf 88' lang='lat' dir='ltr'><strong>definiunt</strong></span> <span class='ocrx_word' id='word_1_107' title='bbox 854 2146 963 2209; x_wconf 87' lang='lat' dir='ltr'><strong>genus</strong></span> <span class='ocrx_word' id='word_1_108' title='bbox 981 2122 1264 2189; x_wconf 85' lang='lat' dir='ltr'><strong>communitatem</strong></span> <span class='ocrx_word' id='word_1_109' title='bbox 1281 2145 1368 2208; x_wconf 88' lang='lat' dir='ltr'><strong>quae</strong></span> 
     </span>
     <span class='ocr_line' id='line_1_15' title="bbox 224 2247 1368 2335; baseline 0.003 -24"><span class='ocrx_word' id='word_1_110' title='bbox 224 2256 380 2333; x_wconf 89' lang='lat' dir='ltr'><strong>permeat</strong></span> <span class='ocrx_word' id='word_1_111' title='bbox 399 2247 437 2312; x_wconf 87' lang='lat' dir='ltr'><strong>in</strong></span> <span class='ocrx_word' id='word_1_112' title='bbox 452 2247 702 2335; x_wconf 82' lang='lat' dir='ltr'><strong>singularibus,</strong></span> <span class='ocrx_word' id='word_1_113' title='bbox 721 2255 760 2314; x_wconf 91' lang='lat' dir='ltr'><strong>ut</strong></span> <span class='ocrx_word' id='word_1_114' title='bbox 778 2249 880 2314; x_wconf 87' lang='lat' dir='ltr'><strong>horno</strong></span> <span class='ocrx_word' id='word_1_115' title='bbox 896 2256 948 2314; x_wconf 87' lang='lat' dir='ltr'><strong>est</strong></span> <span class='ocrx_word' id='word_1_116' title='bbox 965 2248 1024 2334; x_wconf 92' lang='lat' dir='ltr'><strong>qui</strong></span> <span class='ocrx_word' id='word_1_117' title='bbox 1039 2255 1193 2335; x_wconf 86' lang='lat' dir='ltr'><strong>permeat</strong></span> <span class='ocrx_word' id='word_1_118' title='bbox 1213 2247 1368 2334; x_wconf 90' lang='lat' dir='ltr'><strong>singulos</strong></span> 
     </span>
    </p>

    <p class='ocr_par' dir='ltr' id='par_1_5' title="bbox 160 2369 1533 2963">
     <span class='ocr_line' id='line_1_16' title="bbox 160 2369 1367 2461; baseline 0.006 -28"><span class='ocrx_word' id='word_1_119' title='bbox 160 2369 201 2432; x_wconf 76' lang='lat'><strong>15</strong></span> <span class='ocrx_word' id='word_1_120' title='bbox 225 2373 394 2456; x_wconf 88' lang='lat' dir='ltr'><strong>homines,</strong></span> <span class='ocrx_word' id='word_1_121' title='bbox 427 2373 556 2460; x_wconf 88' lang='lat' dir='ltr'><strong>species</strong></span> <span class='ocrx_word' id='word_1_122' title='bbox 575 2397 657 2442; x_wconf 83' lang='lat' dir='ltr'><strong>vero</strong></span> <span class='ocrx_word' id='word_1_123' title='bbox 682 2375 804 2440; x_wconf 89' lang='lat' dir='ltr'><strong>dieunt</strong></span> <span class='ocrx_word' id='word_1_124' title='bbox 832 2375 868 2439; x_wconf 91' lang='lat' dir='ltr'><strong>in</strong></span> <span class='ocrx_word' id='word_1_125' title='bbox 894 2396 1101 2460; x_wconf 89' lang='lat' dir='ltr'><strong>unoquoque</strong></span> <span class='ocrx_word' id='word_1_126' title='bbox 1124 2373 1367 2461; x_wconf 64' lang='lat' dir='ltr'><strong>proprietates</strong></span> 
     </span>
     <span class='ocr_line' id='line_1_17' title="bbox 224 2498 1367 2587; baseline 0.002 -24"><span class='ocrx_word' id='word_1_127' title='bbox 224 2505 264 2563; x_wconf 90' lang='lat' dir='ltr'><strong>ut</strong></span> <span class='ocrx_word' id='word_1_128' title='bbox 294 2498 455 2584; x_wconf 85' lang='lat' dir='ltr'><strong>Theonis,</strong></span> <span class='ocrx_word' id='word_1_129' title='bbox 481 2499 618 2584; x_wconf 86' lang='lat' dir='ltr'><strong>Dionis,</strong></span> <span class='ocrx_word' id='word_1_130' title='bbox 647 2499 812 2566; x_wconf 86' lang='lat' dir='ltr'><strong>Philonis.</strong></span> <span class='ocrx_word' id='word_1_131' title='bbox 838 2500 906 2566; x_wconf 83' lang='lat' dir='ltr'><strong>Sed</strong></span> <span class='ocrx_word' id='word_1_132' title='bbox 935 2501 1029 2566; x_wconf 90' lang='lat' dir='ltr'><strong>locus</strong></span> <span class='ocrx_word' id='word_1_133' title='bbox 1055 2502 1119 2566; x_wconf 87' lang='lat' dir='ltr'><strong>istc</strong></span> <span class='ocrx_word' id='word_1_134' title='bbox 1149 2507 1264 2587; x_wconf 87' lang='lat' dir='ltr'><strong>potest</strong></span> <span class='ocrx_word' id='word_1_135' title='bbox 1294 2522 1367 2565; x_wconf 90' lang='lat' dir='ltr'><strong>esse</strong></span> 
     </span>
     <span class='ocr_line' id='line_1_18' title="bbox 225 2622 1533 2713; baseline 0.004 -25"><span class='ocrx_word' id='word_1_136' title='bbox 225 2625 416 2690; x_wconf 89' lang='lat' dir='ltr'><strong>communis</strong></span> <span class='ocrx_word' id='word_1_137' title='bbox 437 2627 441 2710; x_wconf 90' lang='grc'>1</span> <span class='ocrx_word' id='word_1_138' title='bbox 463 2625 622 2691; x_wconf 90' lang='lat' dir='ltr'><strong>omnibus</strong></span> <span class='ocrx_word' id='word_1_139' title='bbox 645 2622 931 2713; x_wconf 88' lang='lat' dir='ltr'><strong>problematibus;</strong></span> <span class='ocrx_word' id='word_1_140' title='bbox 952 2626 1001 2691; x_wconf 88' lang='lat' dir='ltr'><strong>sio</strong></span> <span class='ocrx_word' id='word_1_141' title='bbox 1015 2625 1143 2691; x_wconf 88' lang='lat' dir='ltr'><strong>etenim</strong></span> <span class='ocrx_word' id='word_1_142' title='bbox 1162 2633 1197 2691; x_wconf 92' lang='lat' dir='ltr'><strong>et</strong></span> <span class='ocrx_word' id='word_1_143' title='bbox 1216 2649 1258 2691; x_wconf 89' lang='lat' dir='ltr'><strong>ex</strong></span> <span class='ocrx_word' id='word_1_144' title='bbox 1277 2625 1368 2692; x_wconf 92' lang='lat' dir='ltr'><strong>mala</strong></span> <span class='ocrx_word' id='word_1_145' title='bbox 1394 2633 1533 2700; x_wconf 70' lang='lat'><strong>56¹?</strong></span> 
     </span>
     <span class='ocr_line' id='line_1_19' title="bbox 224 2749 1366 2837; baseline 0.002 -23"><span class='ocrx_word' id='word_1_146' title='bbox 224 2749 480 2837; x_wconf 76' lang='lat' dir='ltr'><strong>descriptionis,</strong></span> <span class='ocrx_word' id='word_1_147' title='bbox 508 2750 720 2818; x_wconf 82' lang='lat' dir='ltr'><strong>definitionis</strong></span> <span class='ocrx_word' id='word_1_148' title='bbox 749 2758 783 2817; x_wconf 90' lang='lat' dir='ltr'><strong>et</strong></span> <span class='ocrx_word' id='word_1_149' title='bbox 807 2751 994 2817; x_wconf 87' lang='lat' dir='ltr'><strong>accidentis</strong></span> <span class='ocrx_word' id='word_1_150' title='bbox 1018 2750 1219 2816; x_wconf 85' lang='lat' dir='ltr'><strong>definitione</strong></span> <span class='ocrx_word' id='word_1_151' title='bbox 1238 2750 1366 2816; x_wconf 87' lang='lat' dir='ltr'><strong>iudicia</strong></span> 
     </span>
     <span class='ocr_line' id='line_1_20' title="bbox 224 2875 856 2963; baseline 0.002 -24"><span class='ocrx_word' id='word_1_152' title='bbox 224 2875 369 2962; x_wconf 83' lang='lat' dir='ltr'><strong>deipsis</strong></span> <span class='ocrx_word' id='word_1_153' title='bbox 388 2875 463 2941; x_wconf 86' lang='lat' dir='ltr'><strong>falli</strong></span> <span class='ocrx_word' id='word_1_154' title='bbox 483 2876 656 2963; x_wconf 89' lang='lat' dir='ltr'><strong>contingit</strong></span> <span class='ocrx_word' id='word_1_155' title='bbox 675 2883 710 2942; x_wconf 89' lang='lat' dir='ltr'><strong>et</strong></span> <span class='ocrx_word' id='word_1_156' title='bbox 727 2875 856 2942; x_wconf 88' lang='lat' dir='ltr'><strong>fallere.</strong></span> 
     </span>
    </p>
   </div>
   <div class='ocr_carea' id='block_1_3' title="bbox 668 3155 924 3221">
    <p class='ocr_par' dir='ltr' id='par_1_6' title="bbox 668 3155 924 3221">
     <span class='ocr_line' id='line_1_21' title="bbox 668 3155 924 3221; baseline 0.004 -3"><span class='ocrx_word' id='word_1_157' title='bbox 668 3155 714 3219; x_wconf 92' lang='lat' dir='ltr'><strong>II.</strong></span> <span class='ocrx_word' id='word_1_158' title='bbox 738 3155 924 3221; x_wconf 84' lang='lat' dir='ltr'><strong>Mannavn.</strong></span> 
     </span>
    </p>
   </div>
   <div class='ocr_carea' id='block_1_4' title="bbox 157 3378 1369 3973">
    <p class='ocr_par' dir='ltr' id='par_1_7' title="bbox 223 3378 1369 3845">
     <span class='ocr_line' id='line_1_22' title="bbox 313 3378 1366 3467; baseline 0 -22"><span class='ocrx_word' id='word_1_159' title='bbox 313 3381 369 3445; x_wconf 78' lang='lat' dir='ltr'><strong>Ac</strong></span> <span class='ocrx_word' id='word_1_160' title='bbox 388 3381 463 3467; x_wconf 83' lang='lat' dir='ltr'><strong>agri</strong></span> <span class='ocrx_word' id='word_1_161' title='bbox 482 3402 564 3446; x_wconf 91' lang='lat' dir='ltr'><strong>vero</strong></span> <span class='ocrx_word' id='word_1_162' title='bbox 584 3381 717 3445; x_wconf 87' lang='lat' dir='ltr'><strong>laevam</strong></span> <span class='ocrx_word' id='word_1_163' title='bbox 742 3381 829 3446; x_wconf 90' lang='lat' dir='ltr'><strong>aliae</strong></span> <span class='ocrx_word' id='word_1_164' title='bbox 849 3379 915 3445; x_wconf 89' lang='lat' dir='ltr'><strong>tibi</strong></span> <span class='ocrx_word' id='word_1_165' title='bbox 935 3403 1006 3445; x_wconf 87' lang='lat' dir='ltr'><strong>sese</strong></span> <span class='ocrx_word' id='word_1_166' title='bbox 1026 3378 1178 3445; x_wconf 81' lang='lat' dir='ltr'><strong>ofl&#39;ernut</strong></span> <span class='ocrx_word' id='word_1_167' title='bbox 1200 3379 1366 3466; x_wconf 88' lang='lat' dir='ltr'><strong>rationes,</strong></span> 
     </span>
     <span class='ocr_line' id='line_1_23' title="bbox 223 3504 1369 3592; baseline -0.002 -19"><span class='ocrx_word' id='word_1_168' title='bbox 223 3507 350 3592; x_wconf 88' lang='lat' dir='ltr'><strong>quibus</strong></span> <span class='ocrx_word' id='word_1_169' title='bbox 366 3506 541 3591; x_wconf 86' lang='lat' dir='ltr'><strong>inquirere</strong></span> <span class='ocrx_word' id='word_1_170' title='bbox 556 3507 638 3572; x_wconf 89' lang='lat' dir='ltr'><strong>licet</strong></span> <span class='ocrx_word' id='word_1_171' title='bbox 654 3529 698 3571; x_wconf 92' lang='lat' dir='ltr'><strong>an</strong></span> <span class='ocrx_word' id='word_1_172' title='bbox 713 3529 794 3571; x_wconf 84' lang='lat' dir='ltr'><strong>vere</strong></span> <span class='ocrx_word' id='word_1_173' title='bbox 813 3507 911 3572; x_wconf 84' lang='lat' dir='ltr'><strong>iuxta</strong></span> <span class='ocrx_word' id='word_1_174' title='bbox 922 3504 1118 3571; x_wconf 89' lang='lat' dir='ltr'><strong>naturalem</strong></span> <span class='ocrx_word' id='word_1_175' title='bbox 1135 3528 1270 3571; x_wconf 86' lang='lat' dir='ltr'><strong>sonsum</strong></span> <span class='ocrx_word' id='word_1_176' title='bbox 1291 3506 1369 3571; x_wconf 81' lang='lat' dir='ltr'><strong>sub</strong></span> 
     </span>
     <span class='ocr_line' id='line_1_24' title="bbox 224 3631 1369 3720; baseline -0.001 -22"><span class='ocrx_word' id='word_1_177' title='bbox 224 3633 333 3699; x_wconf 88' lang='lat' dir='ltr'><strong>iectae</strong></span> <span class='ocrx_word' id='word_1_178' title='bbox 353 3632 477 3720; x_wconf 85' lang='lat' dir='ltr'><strong>speciei</strong></span> <span class='ocrx_word' id='word_1_179' title='bbox 496 3633 714 3720; x_wconf 87' lang='lat' dir='ltr'><strong>propositum</strong></span> <span class='ocrx_word' id='word_1_180' title='bbox 733 3654 843 3718; x_wconf 89' lang='lat' dir='ltr'><strong>genus</strong></span> <span class='ocrx_word' id='word_1_181' title='bbox 867 3632 1071 3717; x_wconf 83' lang='lat' dir='ltr'><strong>assignetur.</strong></span> <span class='ocrx_word' id='word_1_182' title='bbox 1095 3631 1231 3697; x_wconf 87' lang='lat' dir='ltr'><strong>Harum</strong></span> <span class='ocrx_word' id='word_1_183' title='bbox 1254 3632 1369 3719; x_wconf 87' lang='lat' dir='ltr'><strong>prima</strong></span> 
     </span>
     <span class='ocr_line' id='line_1_25' title="bbox 224 3756 1368 3845; baseline -0.001 -22"><span class='ocrx_word' id='word_1_184' title='bbox 224 3758 421 3824; x_wconf 84' lang='lat' dir='ltr'><strong>examinaro</strong></span> <span class='ocrx_word' id='word_1_185' title='bbox 445 3759 557 3843; x_wconf 80' lang='lat' dir='ltr'><strong>(locet,</strong></span> <span class='ocrx_word' id='word_1_186' title='bbox 577 3782 621 3824; x_wconf 89' lang='lat' dir='ltr'><strong>an</strong></span> <span class='ocrx_word' id='word_1_187' title='bbox 653 3757 744 3845; x_wconf 84' lang='lat' dir='ltr'><strong>quod</strong></span> <span class='ocrx_word' id='word_1_188' title='bbox 763 3757 905 3844; x_wconf 86' lang='lat' dir='ltr'><strong>ponitur</strong></span> <span class='ocrx_word' id='word_1_189' title='bbox 922 3780 1032 3843; x_wconf 85' lang='lat' dir='ltr'><strong>genus</strong></span> <span class='ocrx_word' id='word_1_190' title='bbox 1052 3756 1098 3822; x_wconf 89' lang='lat' dir='ltr'><strong>sit</strong></span> <span class='ocrx_word' id='word_1_191' title='bbox 1117 3757 1243 3843; x_wconf 87' lang='lat' dir='ltr'><strong>speciei</strong></span> <span class='ocrx_word' id='word_1_192' title='bbox 1262 3757 1368 3844; x_wconf 89' lang='lat' dir='ltr'><strong>parti·</strong></span> 
     </span>
    </p>

    <p class='ocr_par' dir='ltr' id='par_1_8' title="bbox 157 3882 1368 3973">
     <span class='ocr_line' id='line_1_26' title="bbox 157 3882 1368 3973; baseline 0 -23"><span class='ocrx_word' id='word_1_193' title='bbox 157 3894 201 3958; x_wconf 70' lang='lat'><strong>‘25</strong></span> <span class='ocrx_word' id='word_1_194' title='bbox 224 3908 316 3973; x_wconf 89' lang='lat' dir='ltr'><strong>ceps;</strong></span> <span class='ocrx_word' id='word_1_195' title='bbox 336 3884 465 3972; x_wconf 85' lang='lat' dir='ltr'><strong>species</strong></span> <span class='ocrx_word' id='word_1_196' title='bbox 485 3885 577 3949; x_wconf 90' lang='lat' dir='ltr'><strong>enim</strong></span> <span class='ocrx_word' id='word_1_197' title='bbox 595 3906 775 3970; x_wconf 91' lang='lat' dir='ltr'><strong>generum,</strong></span> <span class='ocrx_word' id='word_1_198' title='bbox 793 3905 863 3949; x_wconf 91' lang='lat' dir='ltr'><strong>nou</strong></span> <span class='ocrx_word' id='word_1_199' title='bbox 887 3906 1014 3970; x_wconf 88' lang='lat' dir='ltr'><strong>genera</strong></span> <span class='ocrx_word' id='word_1_200' title='bbox 1033 3883 1224 3971; x_wconf 84' lang='lat' dir='ltr'><strong>specierum</strong></span> <span class='ocrx_word' id='word_1_201' title='bbox 1240 3882 1368 3950; x_wconf 88' lang='lat' dir='ltr'><strong>debent</strong></span> 
     </span>
    </p>
   </div>
   <div class='ocr_carea' id='block_1_5' title="bbox 224 3999 1366 4097">
    <p class='ocr_par' dir='ltr' id='par_1_9' title="bbox 224 3999 1366 4097">
     <span class='ocr_line' id='line_1_27' title="bbox 224 3999 1366 4097; baseline -0.002 -22"><span class='ocrx_word' id='word_1_202' title='bbox 224 4033 296 4077; x_wconf 89' lang='lat' dir='ltr'><strong>csse</strong></span> <span class='ocrx_word' id='word_1_203' title='bbox 314 4009 507 4097; x_wconf 86' lang='lat' dir='ltr'><strong>participia.</strong></span> <span class='ocrx_word' id='word_1_204' title='bbox 529 4009 688 4075; x_wconf 82' lang='lat' dir='ltr'><strong>Secunda</strong></span> <span class='ocrx_word' id='word_1_205' title='bbox 706 4032 751 4074; x_wconf 90' lang='lat' dir='ltr'><strong>an</strong></span> <span class='ocrx_word' id='word_1_206' title='bbox 767 4009 810 4073; x_wconf 77' lang='lat' dir='ltr'><strong>cle</strong></span> <span class='ocrx_word' id='word_1_207' title='bbox 825 3999 942 4093; x_wconf 85' lang='lat' dir='ltr'><strong>aliquo</strong></span> <span class='ocrx_word' id='word_1_208' title='bbox 968 4031 1046 4074; x_wconf 87' lang='lat' dir='ltr'><strong>vere</strong></span> <span class='ocrx_word' id='word_1_209' title='bbox 1072 4009 1208 4074; x_wconf 77' lang='lat' dir='ltr'><strong>dicatur</strong></span> <span class='ocrx_word' id='word_1_210' title='bbox 1223 4009 1366 4096; x_wconf 90' lang='lat' dir='ltr'><strong>species,</strong></span> 
     </span>
    </p>
   </div>
   <div class='ocr_carea' id='block_1_6' title="bbox 202 4133 1366 4521">
    <p class='ocr_par' dir='ltr' id='par_1_10' title="bbox 202 4133 1366 4521">
     <span class='ocr_line' id='line_1_28' title="bbox 202 4133 1366 4221; baseline -0.002 -20"><span class='ocrx_word' id='word_1_211' title='bbox 202 4136 266 4201; x_wconf 79' lang='lat' dir='ltr'><strong>&#39;de</strong></span> <span class='ocrx_word' id='word_1_212' title='bbox 285 4158 353 4221; x_wconf 91' lang='lat' dir='ltr'><strong>quo</strong></span> <span class='ocrx_word' id='word_1_213' title='bbox 368 4159 439 4201; x_wconf 92' lang='lat' dir='ltr'><strong>non</strong></span> <span class='ocrx_word' id='word_1_214' title='bbox 458 4135 585 4201; x_wconf 83' lang='lat' dir='ltr'><strong>dicitur</strong></span> <span class='ocrx_word' id='word_1_215' title='bbox 604 4157 727 4220; x_wconf 81' lang='lat' dir='ltr'><strong>geuus3</strong></span> <span class='ocrx_word' id='word_1_216' title='bbox 746 4134 823 4220; x_wconf 87' lang='lat' dir='ltr'><strong>quis</strong></span> <span class='ocrx_word' id='word_1_217' title='bbox 841 4133 933 4199; x_wconf 84' lang='lat' dir='ltr'><strong>enirn</strong></span> <span class='ocrx_word' id='word_1_218' title='bbox 953 4135 1073 4199; x_wconf 86' lang='lat' dir='ltr'><strong>scibile</strong></span> <span class='ocrx_word' id='word_1_219' title='bbox 1088 4142 1149 4200; x_wconf 89' lang='lat' dir='ltr'><strong>aut</strong></span> <span class='ocrx_word' id='word_1_220' title='bbox 1167 4159 1227 4200; x_wconf 87' lang='lat' dir='ltr'><strong>ens</strong></span> <span class='ocrx_word' id='word_1_221' title='bbox 1246 4134 1366 4220; x_wconf 88' lang='lat' dir='ltr'><strong>opina·</strong></span> 
     </span>
     <span class='ocr_line' id='line_1_29' title="bbox 224 4260 1365 4347; baseline -0.001 -22"><span class='ocrx_word' id='word_1_222' title='bbox 224 4260 304 4326; x_wconf 90' lang='lat' dir='ltr'><strong>bilis</strong></span> <span class='ocrx_word' id='word_1_223' title='bbox 323 4260 450 4325; x_wconf 62' lang='lat' dir='ltr'><strong>dixerit</strong></span> <span class='ocrx_word' id='word_1_224' title='bbox 469 4284 541 4326; x_wconf 89' lang='lat' dir='ltr'><strong>esso</strong></span> <span class='ocrx_word' id='word_1_225' title='bbox 563 4283 687 4347; x_wconf 87' lang='lat' dir='ltr'><strong>genus,</strong></span> <span class='ocrx_word' id='word_1_226' title='bbox 712 4283 791 4325; x_wconf 88' lang='lat' dir='ltr'><strong>cum</strong></span> <span class='ocrx_word' id='word_1_227' title='bbox 811 4283 881 4324; x_wconf 90' lang='lat' dir='ltr'><strong>non</strong></span> <span class='ocrx_word' id='word_1_228' title='bbox 901 4260 995 4324; x_wconf 89' lang='lat' dir='ltr'><strong>cutia</strong></span> <span class='ocrx_word' id='word_1_229' title='bbox 1014 4267 1049 4324; x_wconf 93' lang='lat' dir='ltr'><strong>et</strong></span> <span class='ocrx_word' id='word_1_230' title='bbox 1069 4282 1157 4344; x_wconf 87' lang='lat' dir='ltr'><strong>qnae</strong></span> <span class='ocrx_word' id='word_1_231' title='bbox 1179 4260 1267 4325; x_wconf 81' lang='lat' dir='ltr'><strong>t&#39;alsa</strong></span> <span class='ocrx_word' id='word_1_232' title='bbox 1283 4266 1365 4324; x_wconf 89' lang='lat' dir='ltr'><strong>suut</strong></span> 
     </span>
     <span class='ocr_line' id='line_1_30' title="bbox 315 4452 1362 4521; baseline -0.004 -15"><span class='ocrx_word' id='word_1_233' title='bbox 315 4457 331 4506; x_wconf 84' lang='lat'><strong>3</strong></span> <span class='ocrx_word' id='word_1_234' title='bbox 347 4457 460 4508; x_wconf 85' lang='lat' dir='ltr'><strong>dicatur</strong></span> <span class='ocrx_word' id='word_1_235' title='bbox 479 4458 501 4506; x_wconf 82' lang='lat' dir='ltr'><strong><em>G</em></strong></span> <span class='ocrx_word' id='word_1_236' title='bbox 566 4459 595 4507; x_wconf 80' lang='lat'><strong>12</strong></span> <span class='ocrx_word' id='word_1_237' title='bbox 611 4457 728 4520; x_wconf 82' lang='lat' dir='ltr'><strong>gonoris</strong></span> <span class='ocrx_word' id='word_1_238' title='bbox 745 4458 773 4506; x_wconf 82' lang='lat' dir='ltr'><strong>la</strong></span> <span class='ocrx_word' id='word_1_239' title='bbox 787 4455 880 4521; x_wconf 76' lang='lat' dir='ltr'><strong>prima</strong></span> <span class='ocrx_word' id='word_1_240' title='bbox 900 4454 970 4504; x_wconf 82' lang='lat' dir='ltr'><strong>volta</strong></span> <span class='ocrx_word' id='word_1_241' title='bbox 989 4454 1013 4502; x_wconf 72' lang='grc' dir='ltr'><strong>Ι)</strong></span> <span class='ocrx_word' id='word_1_242' title='bbox 1079 4454 1110 4502; x_wconf 84' lang='grc'><strong>13</strong></span> <span class='ocrx_word' id='word_1_243' title='bbox 1126 4452 1290 4502; x_wconf 82' lang='lat' dir='ltr'><strong>Pirroniuni</strong></span> <span class='ocrx_word' id='word_1_244' title='bbox 1312 4453 1362 4502; x_wconf 82' lang='grc' dir='ltr'><strong>ΡΑ</strong></span> 
     </span>
    </p>
   </div>
   <div class='ocr_carea' id='block_1_7' title="bbox 224 4537 1200 4682">
    <p class='ocr_par' dir='ltr' id='par_1_11' title="bbox 224 4537 1200 4682">
     <span class='ocr_line' id='line_1_31' title="bbox 224 4537 782 4604; baseline -0.002 -15"><span class='ocrx_word' id='word_1_245' title='bbox 224 4540 256 4589; x_wconf 80' lang='lat'><strong>28</strong></span> <span class='ocrx_word' id='word_1_246' title='bbox 271 4538 340 4603; x_wconf 76' lang='lat' dir='ltr'><strong>dopo</strong></span> <span class='ocrx_word' id='word_1_247' title='bbox 350 4544 419 4589; x_wconf 84' lang='lat' dir='ltr'><strong>sunt</strong></span> <span class='ocrx_word' id='word_1_248' title='bbox 428 4539 557 4604; x_wconf 68' lang='lat' dir='ltr'><strong>uqqiunqc</strong></span> <span class='ocrx_word' id='word_1_249' title='bbox 569 4556 625 4588; x_wconf 77' lang='lat' dir='ltr'><strong>rora</strong></span> <span class='ocrx_word' id='word_1_250' title='bbox 639 4537 743 4604; x_wconf 75' lang='lat' dir='ltr'><strong>cirqola</strong></span> <span class='ocrx_word' id='word_1_251' title='bbox 759 4537 782 4588; x_wconf 78' lang='lat' dir='ltr'><em>G</em></span> 
     </span>
     <span class='ocr_line' id='line_1_32' title="bbox 356 4628 1200 4682; baseline -0.008 -10"><span class='ocrx_word' id='word_1_252' title='bbox 356 4632 433 4673; x_wconf 74' lang='lat' dir='ltr'><strong>Burni</strong></span> <span class='ocrx_word' id='word_1_253' title='bbox 449 4633 505 4682; x_wconf 76' lang='lat' dir='ltr'><strong>Opp.</strong></span> <span class='ocrx_word' id='word_1_254' title='bbox 519 4634 560 4671; x_wconf 79' lang='lat' dir='ltr'><strong>tut.</strong></span> <span class='ocrx_word' id='word_1_255' title='bbox 575 4632 612 4682; x_wconf 87' lang='lat'><strong>11,</strong></span> <span class='ocrx_word' id='word_1_256' title='bbox 629 4633 648 4671; x_wconf 82' lang='lat'><strong>³.</strong></span> <span class='ocrx_word' id='word_1_257' title='bbox 1188 4628 1200 4665; x_wconf 79' lang='grc'><strong>9</strong></span> 
     </span>
    </p>
   </div>
   <div class='ocr_carea' id='block_1_8' title="bbox 0 0 1700 5122">
    <p class='ocr_par' dir='ltr' id='par_1_12' title="bbox 0 0 1700 5122">
     <span class='ocr_line' id='line_1_33' title="bbox 0 0 1700 5122; baseline 0 5"><span class='ocrx_word' id='word_1_258' title='bbox 0 0 1700 5122; x_wconf 95' lang='lat' dir='ltr'><strong> </strong></span> 
     </span>
    </p>
   </div>
  </div>
 </body>
</html>
