3390 5122
340 369 399 427 306
780 383 918 428 roauaru
939 383 1041 427 savar

340 542 440 608 Intus
459 542 604 626 habens,
622 542 749 629 duplex
769 541 933 626 quoniam
951 540 1192 606 microcosmos
1211 540 1368 608 habetur.

342 669 523 733 Formator
547 666 667 730 mundi
687 675 722 731 et
742 665 911 751 quidquid
926 664 1109 731 formabile
1128 665 1172 730 ab
1188 664 1258 749 illo,
1511 673 1632 736 200

343 793 411 856 Seu
430 792 476 857 sit
495 813 601 878 agens
620 814 679 857 seu
698 791 744 857 sit
766 791 903 878 patiens
922 812 981 856 scu
1000 789 1046 855 sit
1065 789 1262 872 meditator,

342 916 525 982 Miraclum
544 915 633 981 dixit
651 938 817 1002 magnum
836 915 1075 982 Termaximus
1094 914 1185 981 olim.

298 1168 318 1231 5
432 1183 449 1229 ‘l
476 1171 590 1236 Unam
610 1174 773 1254 quattuor
791 1168 943 1234 laterum
967 1165 1105 1254 singula
1125 1167 1162 1232 in
1182 1166 1289 1233 cubili
1308 1168 1486 1234 continere

343 1318 421 1361 cum
440 1295 562 1383 opifice
584 1295 829 1382 intelliguntur
845 1293 1032 1380 officinam,
1053 1314 1131 1360 cum
1149 1294 1280 1381 paratis
1299 1300 1334 1361 et
1353 1295 1391 1360 in
1409 1296 1486 1362 loco

343 1420 511 1486 ordinatis
529 1420 779 1487 instrumentis.
800 1421 868 1485 Pro
886 1419 1033 1506 triginta
1052 1419 1283 1485 occinentium
1300 1427 1335 1485 et
1357 1419 1486 1486 duode-

343 1545 409 1611 cim
429 1545 685 1610 concinentium
713 1566 855 1610 numero
875 1544 1099 1630 quatraginta
1119 1549 1223 1630 atque
1249 1544 1317 1610 duo
1341 1545 1484 1632 propria

341 1671 397 1737 vel
424 1670 646 1758 adpropriata
672 1671 758 1736 fiant
785 1668 931 1757 singulis
959 1666 1089 1752 omnia3
1114 1671 1338 1754 nequeenim
1367 1692 1485 1736 omnes

278 1794 320 1857 10
342 1804 432 1862 artes
451 1797 500 1862 ita
520 1796 727 1883 multiplicia
751 1818 813 1883 per
835 1818 871 1860 se
895 1795 1037 1883 capiunt
1056 1816 1160 1882 opera
1184 1800 1218 1861 et
1241 1795 1483 1862 instrumenta.

342 1920 399 1987 Ad
414 1920 479 1986 hoc
496 1927 697 1986 succurrent
716 1921 781 1986 tibi
801 1943 840 1986 ea
859 1943 948 2005 quae
967 1920 1080 2007 campi
1094 1927 1129 1986 et
1144 1921 1233 1986 atria
1252 1923 1484 2008 complectun-

342 2052 401 2111 tur
416 2055 451 2111 et
470 2048 652 2134 complecti
670 2045 847 2112 commode
864 2052 1019 2133 possunt.
1035 2046 1125 2111 Vide
1137 2045 1277 2112 Atrium
1289 2047 1483 2133 Agricolae.

432 2184 449 2232 l
474 2163 512 2236 Si
530 2171 721 2236 innumeris
741 2194 842 2257 egeas
861 2171 1008 2255 sedibuS,
1033 2170 1155 2237 iisdem
1169 2180 1287 2237 tamen
1303 2173 1484 2260 opificibus

342 2297 395 2362 uti
413 2296 543 2384 poteris
563 2303 597 2360 et
618 2295 783 2379 officinis;
803 2296 861 2361 sed
876 2319 896 2360 a
911 2316 1024 2362 rerum
1041 2305 1076 2361 et
1094 2319 1237 2384 operum
1256 2297 1485 2365 similitudine

278 2421 319 2485 15
344 2444 435 2487 cave.
452 2421 571 2487 Alium
584 2443 665 2507 ergo
681 2421 819 2487 eaedem
833 2421 990 2487 officinae
1002 2420 1085 2486 alibi
1100 2421 1215 2488 Solem
1233 2422 1394 2489 habeant.

433 2559 450 2606 ‘l
476 2548 636 2613 Praestat
654 2546 719 2612 hoc
746 2547 899 2633 sigillum
919 2553 959 2612 ut
976 2546 1037 2612 ubi
1062 2554 1243 2613 numerata
1262 2556 1344 2614 sunt
1363 2550 1481 2634 verba,

343 2680 382 2738 ut
401 2679 685 2759 argumentorum
706 2671 818 2739 media
842 2681 877 2738 et
901 2671 1079 2761 catalogus
1103 2674 1313 2760 quicunque,
1328 2697 1483 2760 -quaoun-

342 2822 408 2884 que
430 2806 591 2884 personet
618 2799 751 2886 lingua,
776 2799 814 2864 in
840 2797 979 2865 tabellis
1008 2798 1110 2865 facile
1134 2800 1388 2866 connumeratis
1411 2801 1482 2886 legi

341 2923 484 3010 possint.
503 2923 706 3001 Quindecim
725 2946 810 3009 quos
834 2923 939 2990 habes
959 2925 1072 3010 campi
1088 2924 1220 2990 duobus
1239 2925 1367 2992 servire
1385 2948 1483 3013 prae-

275 3048 320 3111 20
343 3047 474 3114 sidibus
503 3057 661 3136 possunt,
686 3048 730 3114 ad
758 3050 986 3136 trigenarium
1016 3073 1124 3135 usque
1142 3073 1342 3116 numerum:
1374 3053 1404 3117 si
1422 3074 1483 3116 sex

341 3177 377 3240 in
401 3198 521 3261 campo
540 3175 653 3240 media
675 3176 730 3239 vel
751 3176 870 3241 dextra
891 3176 946 3241 vel
966 3176 1033 3242 alia
1063 3177 1197 3242 duobus
1216 3177 1346 3263 duplici
1369 3177 1483 3244 forma

340 3309 374 3366 et
392 3301 526 3366 ratione
542 3301 723 3387 capiantur
742 3299 828 3366 fiant
847 3300 1116 3367 adcommodata.
1132 3302 1235 3367 Stans
1259 3287 1411 3369 verovel
1430 3325 1482 3369 se-

339 3429 422 3494 dens
440 3428 554 3516 opifex
574 3428 711 3494 notabit
730 3428 877 3493 subinde
892 3451 1072 3514 sequacem
1089 3431 1142 3495 vel
1159 3430 1336 3517 praeviam
1357 3453 1482 3497 sonan-

340 3564 408 3621 tem
428 3555 466 3620 in
485 3553 692 3621 combinatis
712 3577 753 3619 ex
772 3553 903 3641 duplici
922 3554 1099 3620 elemento
1120 3555 1272 3622 (laeteris
1297 3558 1482 3624 conformi⁴

273 3683 316 3746 25
340 3689 392 3746 ter
411 3682 592 3768 providere
610 3680 685 3745 heic
703 3686 806 3766 atque
824 3678 910 3745 alibi
928 3687 1033 3767 potes

431 3947 481 3996 24
504 3946 553 3995 illo
575 3946 778 4011 Seu-patiens,
803 3963 854 3998 seu
877 3949 915 3997 sit
936 3950 1091 3999 meditator
1111 3949 1263 4001 Miraclum
1334 3952 1482 4017 8quatra·

337 4028 428 4092 ginta]
442 4025 479 4076 ric
543 4028 581 4077 17.
593 4031 623 4077 id
640 4031 807 4093 quaculquc
871 4032 900 4079 21
919 4047 954 4093 sq.
971 4030 1008 4079 sic
