3390 5122
524 421 568 464 na
588 416 829 464 eeuresrrrom:
851 415 1033 481 iunctura,
1056 419 1077 464 1.
1332 398 1371 460 99

230 574 324 658 dere,
344 575 434 641 sieut
456 574 560 639 index
580 597 650 640 nen
671 598 743 640 rem
764 596 867 659 quam
888 573 1020 639 indicat
1039 595 1102 660 per
1126 594 1161 637 se
1190 570 1365 657 significat

228 700 285 765 vel
300 707 410 782 notat,
429 700 488 765 sed
508 700 550 765 ad
570 700 642 766 eius
666 707 802 766 tantum
825 698 993 765 intuitum
1013 720 1072 764 seu
1096 696 1256 762 obtutum
1280 694 1368 760 invi-

228 831 281 891 tat
303 826 359 891 vel
378 825 533 913 appellit.

159 930 163 937 ⁶
315 950 467 1037 Figura
486 950 603 1016 differt
622 949 665 1016 ab
687 950 845 1015 omnibus
860 947 1158 1036 praecedentibus,
1176 947 1256 1033 quia
1271 946 1367 1012 ideae

183 1077 204 1142 5
227 1075 374 1162 vestigia
387 1083 422 1140 et
441 1071 585 1142 umbrae
598 1081 691 1159 sunt,
711 1081 786 1141 tum
802 1074 912 1141 relata
931 1074 975 1140 ad
994 1073 1219 1140 intrinsecum
1235 1081 1310 1139 tum
1326 1071 1369 1139 ad

227 1200 456 1266 extrinsecum
475 1224 598 1285 rerum,
617 1200 729 1287 figura
746 1223 830 1266 vere
849 1199 893 1266 ad
911 1199 1142 1265 extrinsecum
1160 1204 1308 1264 tantum.

314 1327 432 1411 Nota,
455 1326 689 1410 character,
710 1325 884 1412 signum,
906 1324 1090 1411 sigillum
1111 1330 1146 1389 et
1166 1323 1366 1389 indicium

225 1448 293 1514 dici
309 1456 454 1537 possunt
471 1458 547 1516 tum
565 1451 689 1534 lineae,
702 1456 778 1516 tum
789 1455 932 1538 puncta,
953 1456 1028 1515 tum
1046 1449 1162 1514 omnia
1181 1471 1269 1534 quac
1288 1471 1367 1535 spa·

226 1575 317 1641 cium
337 1598 407 1641 nen
431 1577 656 1660 concludunt,
675 1577 787 1664 figura
810 1598 891 1643 vere
910 1581 963 1642 est
982 1598 1084 1660 quam
1108 1575 1262 1662 spacium
1289 1596 1367 1640 con-

160 1711 202 1774 10
226 1701 361 1766 cludere
381 1709 526 1788 eportet.

315 1825 557 1892 Similitudo
579 1849 661 1893 vere
684 1826 801 1891 differt
818 1827 861 1893 ab
882 1825 1041 1892 omnibus
1061 1825 1261 1912 praedictis
1283 1825 1365 1913 qnia

224 1971 340 2016 eorum
356 1974 427 2017 nen
447 1957 498 2016 est
517 1952 708 2018 necessario
727 1951 845 2016 eadem
864 1950 1007 2038 species,
1025 1949 1302 2035 quandoquidem
1322 1950 1366 2016 si·
1392 1958 1425 2020 6

221 2078 408 2163 gnificatur
425 2079 526 2144 hemo
545 2079 656 2144 literis
676 2085 711 2143 et
724 2077 978 2144 characteribus
990 2084 1157 2162 tanquam
1170 2077 1293 2164 signis,
1313 2078 1365 2144 in·

222 2202 333 2288 dieiis,
357 2203 462 2289 netiS,
484 2225 555 2269 nen
577 2209 744 2295 tanquam
763 2203 881 2285 simili,
899 2202 1011 2269 simile
1034 2223 1116 2267 vere
1135 2201 1201 2268 erit
1221 2202 1360 2289 pictura

156 2330 197 2396 15
220 2327 276 2394 vel
295 2334 410 2395 statua
428 2330 484 2395 vel
511 2329 640 2416 species
658 2352 720 2416 per
738 2351 875 2395 sensum
894 2334 1043 2415 accepta,
1055 2333 1090 2393 et
1115 2327 1153 2392 in
1171 2327 1357 2416 phantasia

219 2463 403 2523 reservata.

308 2581 530 2668 Propertio
550 2581 666 2646 differt
685 2603 705 2645 a
724 2576 1014 2664 similitudine,
1035 2578 1117 2664 quia
1139 2578 1223 2644 haee
1241 2600 1360 2666 perpe·

219 2712 278 2770 tuo
295 2706 386 2771 inter
404 2706 489 2772 dues
508 2706 673 2772 termines
692 2729 764 2772 esse
782 2705 1005 2792 intelligitur,
1025 2711 1065 2770 ut
1088 2705 1178 2771 sicut
1196 2703 1229 2770 A
1248 2711 1300 2771 est
1317 2704 1357 2769 li-

218 2836 303 2914 tera,
324 2830 374 2895 ita
393 2830 422 2894 B
442 2838 506 2913 est,
526 2830 582 2897 vel
606 2831 718 2896 mulus
738 2836 789 2895 est
804 2828 927 2895 similis
949 2852 1049 2916 eque;
1069 2829 1132 2895 illa
1154 2851 1236 2895 vere
1260 2830 1352 2895 inter

151 2963 195 3027 20
217 2963 365 3039 quatuor
383 2956 439 3022 vel
461 2957 576 3044 plures
599 2957 655 3022 vel
683 2956 806 3022 saltem
830 2963 900 3022 tres
929 2955 1094 3022 terminos
1117 2963 1286 3043 perpetue
1306 2955 1360 3020 in-

11 3133 13 3137 ,
136 3174 139 3179 Ι
216 3081 401 3168 telligitur,
419 3090 459 3148 ut
476 3083 564 3148 sicut
581 3090 632 3147 est
653 3082 758 3169 alpha
775 3082 868 3147 inter
887 3081 1048 3164 Graecos
1073 3081 1125 3146 ita
1144 3087 1196 3146 cst
1214 3083 1246 3145 A
1264 3080 1358 3146 inter
1383 3151 1386 3158 ,

216 3207 371 3291 LatinoS,
392 3207 453 3273 ubi
483 3215 564 3273 sunt
587 3213 735 3293 quatuor
763 3206 916 3271 termini:
947 3208 975 3271 1.
994 3205 1110 3293 alpha,
1132 3205 1162 3270 2.
1187 3204 1353 3290 Graecus,

216 3334 245 3397 3.
266 3335 306 3415 A,
325 3335 355 3397 4.
375 3333 531 3398 Latinus.
551 3333 733 3420 Propertio
752 3354 833 3397 vero
852 3331 974 3398 saltem
992 3331 1084 3396 inter
1101 3338 1171 3398 tres
1189 3331 1356 3398 termines

216 3457 399 3544 conspicua
417 3465 479 3542 est,
498 3464 537 3523 nt
555 3457 644 3523 sieut
664 3481 699 3522 se
717 3458 847 3523 habent
865 3457 932 3522 duo
949 3456 992 3522 ad
1011 3465 1176 3541 quatuor,
1195 3457 1246 3523 ita
1266 3459 1356 3544 [qua-

149 3587 192 3651 25
215 3586 302 3668 tuor]
320 3606 354 3647 se
370 3584 499 3649 habent
512 3590 589 3649 ecto
602 3583 645 3649 ad
664 3583 834 3648 sexdecim
851 3582 919 3664 (hie
937 3588 1018 3648 sunt
1035 3589 1182 3667 quatuor
1197 3581 1354 3649 termini:

215 3710 245 3773 2.
264 3710 295 3772 4.
314 3709 344 3773 8.
366 3710 432 3792 16),
450 3709 505 3773 vel
524 3709 614 3773 sicut
633 3731 668 3774 se
687 3708 791 3773 habet
810 3708 877 3773 dne
893 3707 937 3774 ad
953 3713 1116 3792 quatuor,
1135 3708 1186 3773 ita
1205 3714 1354 3792 quatuor

215 3833 362 3917 edocte,
380 3833 440 3899 ubi
459 3840 541 3899 sunt
559 3841 629 3899 tres
648 3833 802 3898 termini:
821 3831 902 3916 due,
920 3841 1081 3918 quatuor,
1102 3840 1189 3898 ecte.

301 3958 421 4045 Imago
449 3959 588 4024 tandein
616 3957 732 4024 differt
762 3982 782 4024 a
809 3958 1051 4043 similitudine,
1078 3958 1160 4044 quia
1189 3958 1354 4023 maiorem

215 4083 388 4167 quandam
407 4085 591 4170 energiam,
611 4083 791 4172 emphasin
810 4090 844 4149 et
862 4083 1161 4149 universalitatem
1186 4083 1353 4170 complec-

148 4210 192 4275 30
215 4208 319 4292 titur,
340 4209 419 4296 plus
438 4208 530 4274 enim
557 4216 609 4275 est
627 4232 699 4275 esse
719 4209 763 4275 ad
781 4209 983 4296 imaginem,
1005 4231 1108 4296 quum
1133 4208 1176 4275 ad
1195 4208 1354 4274 similitu-

307 4464 347 4514 24.
359 4465 389 4513 25
405 4462 526 4514 abbiamo
539 4465 683 4514 caracellato
695 4470 819 4528 quatuor
834 4462 914 4528 (dopo
928 4464 980 4528 ita)
1043 4463 1076 4512 26
1091 4463 1108 4513 l.
1124 4462 1233 4514 habent
