3390 5122
588 439 634 482 na
654 437 809 481 caninae:
830 437 1030 482 vrsnroanr.
1341 425 1380 482 ‘25

234 596 324 662 circe.
348 595 538 662 subiectam
558 593 705 680 speciem
729 594 860 660 additio
884 593 1067 681 apparebit
1089 594 1212 661 horum
1232 604 1381 680 quatuor
1470 666 1473 672 ,

233 746 395 810 agrorrmr
418 722 546 788 finibus
565 721 745 788 contineri.
767 721 770 809 l
793 721 909 788 Unum
928 721 1037 808 igitur
1059 720 1157 786 iuxta
1179 721 1307 809 triplex
1322 744 1379 808 ge-
1403 722 1560 789 7316

232 873 297 916 nus
317 855 477 936 (quorum
496 847 644 914 subinde
663 847 843 934 quodlibet
862 847 899 913 in
914 847 998 913 alias
1016 848 1133 935 plures
1152 848 1281 934 species
1300 849 1378 914 sub·

232 975 413 1059 dividitur)
444 975 625 1061 accipitur.
650 974 714 1041 Est
743 973 887 1060 inquam
917 996 1025 1039 unum
1055 973 1111 1040 vel
1140 995 1297 1058 numere,
1322 975 1378 1041 vel

189 1102 502 1190 bpraedicatione,
527 1101 582 1167 vel
613 1100 783 1187 analogia.
815 1101 932 1166 Prirno
961 1108 1075 1167 autern
1094 1123 1238 1167 nurnero
1269 1124 1377 1168 unum

232 1228 412 1316 septuplex
431 1234 497 1293 est:
514 1233 574 1293 aut
603 1228 631 1292 1.
655 1225 796 1292 nomine
814 1232 963 1311 tantiun,
990 1232 1029 1291 ut
1051 1226 1108 1291 hic
1132 1227 1227 1292 canis
1247 1227 1307 1312 qui
1325 1236 1378 1293 est

231 1354 372 1439 animal,
393 1353 451 1419 ille
471 1352 566 1419 canis
586 1352 645 1439 qui
662 1359 714 1418 est
731 1357 876 1436 astrum,
893 1359 954 1418 aut
970 1353 1000 1416 2.
1018 1349 1219 1417 definitione
1238 1358 1377 1418 tantum

231 1481 318 1547 citra
341 1503 481 1565 nomen,
496 1474 550 1545 'ut
573 1479 680 1545 vestie
710 1477 808 1563 haec,
828 1479 893 1544 hec
923 1476 1176 1561 indumentum,
1202 1483 1263 1543 aut
1286 1479 1315 1542 3.
1337 1485 1376 1543 ut

231 1606 322 1672 idem
336 1607 475 1672 nomine
491 1612 526 1670 et
542 1604 745 1670 definitione
762 1610 813 1669 est
831 1602 1002 1689 Socrates,
1017 1625 1121 1688 quem
1140 1603 1286 1669 eundern
1305 1604 1378 1670 eni-

166 1736 208 1799 10
230 1733 299 1798 mal
318 1733 487 1799 rationale
514 1729 658 1797 mortale
683 1729 905 1817 Sophronisci
929 1728 1040 1795 filiurn
1061 1728 1188 1794 dixeris
1207 1727 1375 1814 vicissim,

230 1865 291 1923 aut
308 1858 339 1922 4.
360 1865 399 1922 ut
422 1857 483 1923 ubi
501 1857 589 1923 duae
612 1855 842 1943 proprietates
862 1856 930 1921 tale
953 1877 1061 1921 unum
1084 1854 1243 1940 idemque
1267 1855 1376 1942 signi·

230 1985 344 2067 ficunt,
364 1991 404 2049 ut
419 1981 552 2048 risibile
568 1989 603 2046 et
618 1980 887 2069 plrilesophatile
902 1980 1007 2065 istud,
1022 1988 1082 2047 aut
1097 1983 1128 2046 b.
1140 1987 1179 2046 ut
1200 1983 1204 2070 l
1225 1981 1376 2047 nominis
1402 1983 1462 2046 12
1476 1985 1521 2045 P

230 2108 438 2196 significatio
458 2131 536 2174 curn
566 2107 756 2174 accidentis
783 2106 1039 2192 significatione
1069 2107 1259 2192 concurrit,
1285 2108 1376 2174 unde

230 2235 387 2301 Socrates
407 2233 535 2300 dicitur
554 2233 612 2298 ille
631 2233 770 2316 sedens,
789 2238 823 2296 ct
843 2233 901 2296 ille
921 2231 1042 2297 sedens
1067 2232 1238 2317 SocrateS,
1258 2240 1319 2299 aut
1342 2236 1372 2298 o.

164 2361 205 2424 15
228 2370 268 2428 ut
284 2360 435 2427 eiusdem
451 2381 578 2424 nornen
597 2365 631 2423 et
646 2357 841 2446 proprium,
859 2357 968 2424 ueluti
981 2357 1115 2424 risibile
1132 2358 1294 2443 ethome,
1312 2357 1373 2425 Sc·

229 2493 337 2553 crates
357 2493 392 2551 et
411 2485 468 2550 ille
487 2484 594 2549 simus
607 2483 727 2549 doctor
739 2483 908 2565 Platonis,
923 2492 984 2549 aut
1001 2482 1370 2571 caeteterosque

226 2612 419 2700 preprium,
440 2633 502 2676 ceu
520 2610 653 2676 risibile
672 2615 708 2674 et
726 2608 896 2674 rationale
915 2608 1044 2674 animal
1064 2615 1322 2674 convertuntur.

316 2736 473 2802 Secundo
492 2736 584 2801 idem
608 2735 933 2823 praedicationeque
952 2756 1061 2800 unum
1080 2741 1133 2799 est
1153 2736 1371 2822 quatruplcx:

228 2871 289 2929 aut
314 2864 341 2928 1.
360 2884 500 2949 genere,
520 2868 560 2927 ut
577 2860 680 2928 horno
697 2868 731 2927 et
750 2883 859 2946 equus
875 2867 957 2925 sunt
975 2859 1119 2944 animal,
1140 2882 1198 2924 scu
1218 2861 1281 2926 sub
1301 2860 1373 2925 ani-

160 2989 205 3053 20
227 2989 327 3055 malis
346 2989 480 3055 ratione
497 2987 600 3070 idern,
615 2992 675 3052 aut
692 2988 721 3051 2.
742 2985 868 3074 speeie,
886 2996 926 3053 ut
945 2986 1103 3052 Socrates
1119 2991 1154 3051 et
1170 2985 1270 3052 Plato
1290 2994 1372 3052 sunt

225 3113 442 3180 humanitate
463 3111 553 3178 idem
574 3117 669 3195 (sunt
685 3112 813 3199 quippe
833 3112 950 3197 hemo,
967 3112 1079 3178 subet
1098 3111 1136 3176 in
1154 3111 1305 3176 hominis
1324 3136 1371 3177 es-

227 3241 337 3308 sentia
354 3240 454 3306 ambe
471 3244 606 3324 unum),
629 3247 689 3306 aut
705 3242 735 3304 3.
756 3239 970 3305 subiectione
993 3261 1115 3323 unum,
1135 3244 1175 3304 ut
1198 3237 1261 3303 sub
1281 3238 1371 3303 albc-

226 3367 307 3432 dine
324 3388 473 3432 marmor
500 3372 603 3452 atque
633 3366 703 3451 lac,
724 3373 786 3432 aut
804 3366 835 3430 4.
856 3363 1055 3431 inhaesione
1074 3387 1196 3448 unum,
1215 3370 1255 3429 nt
1279 3363 1369 3430 idem

226 3500 277 3559 est
296 3492 394 3558 dulce
414 3501 519 3576 atquo
538 3513 695 3557 croceum
716 3493 792 3557 mel.

159 3620 202 3683 25
315 3617 431 3682 Tertio
445 3617 607 3703 analogia
619 3640 726 3682 unum
742 3618 949 3704 quatruplex
967 3625 1034 3683 est:
1051 3625 1112 3683 aut
1125 3620 1153 3683 1.
1169 3618 1232 3683 sub
1252 3617 1370 3683 eodeni

224 3743 364 3809 nomine
388 3743 574 3829 eademque
597 3743 826 3828 inaequaliter
848 3743 1059 3831 participata
1082 3743 1230 3826 ratione,
1254 3750 1294 3806 ut
1318 3767 1371 3808 ea·

226 3892 309 3934 num
329 3868 420 3934 idem
444 3874 479 3933 ct
502 3876 797 3955 contemperatum
821 3870 863 3935 de
886 3869 1043 3953 animali,
1069 3868 1111 3933 de
1134 3868 1301 3952 rnernbro,
1327 3869 1369 3933 de

223 3994 323 4081 signo
343 4001 377 4059 et
396 3994 438 4059 dc
462 3994 676 4061 nutrimento
701 3995 837 4079 dicitur,
864 4004 923 4061 eut
948 3998 977 4061 2.
1002 3997 1065 4062 sub
1090 4018 1159 4061 une
1182 3996 1368 4080 cademque

222 4123 399 4210 potentiae
414 4123 651 4209 proportione,
671 4130 710 4188 ut
730 4145 798 4187 une
817 4132 869 4188 est
886 4124 1107 4211 imperatoris
1123 4123 1166 4188 au
1184 4124 1365 4212 imperium

156 4251 200 4313 30
225 4255 260 4313 ct
278 4247 370 4334 regis
390 4249 433 4314 ed
453 4270 597 4333 regnum
616 4248 797 4331 habitud0,
823 4256 884 4314 aut
907 4252 937 4313 3.
961 4249 1025 4314 sub
1049 4249 1165 4334 aliqua
1189 4249 1306 4313 cedern
1332 4275 1366 4315 se

313 4435 545 4487 5Predicatione
563 4437 588 4486 P
666 4438 697 4487 13
718 4434 893 4487 acriddentis
914 4436 940 4485 Ρ
1019 4440 1050 4486 l&
1067 4438 1318 4504 predicationeque
1340 4438 1365 4487 Ρ

220 4517 252 4567 23
267 4516 419 4569 inhealene
431 4518 456 4567 Ρ
519 4520 550 4568 ‘25
568 4518 741 4584 quatrupiex
757 4517 783 4569 Ρ

357 4611 434 4652 Buurr
451 4614 507 4661 opp.
522 4613 563 4651 lot.
578 4611 615 4664 11,
632 4614 652 4653 3.
1193 4614 1205 4653 t
