3390 5122
474 423 519 468 nu
539 422 729 469 rnoonneav
750 423 894 470 1661616
916 422 1127 472 vnuarmms.
1331 411 1366 471 11

222 580 332 645 tivam
351 579 553 645 concludere
572 581 737 665 16166116,
756 581 912 668 quaerito
925 581 1076 647 medium
1089 582 1132 664 B,
1145 581 1187 646 de
1206 603 1274 667 quo
1291 582 1370 647 sub·

177 798 179 802 ,
222 707 350 774 iactum
373 707 617 774 universaliter
642 708 783 793 dicitur,
812 716 847 775 et
879 708 972 796 quod
995 718 1144 795 negatur
1167 710 1370 776 universali·

222 841 276 899 ter
294 857 315 900 a
337 832 550 922 praedicato,
576 839 611 899 et
633 834 777 900 habebis
805 835 905 900 iuxta
928 835 1075 922 primam
1099 835 1247 920 figuram
1279 835 1370 920 quod

223 959 423 1042 concludas3
439 958 496 1026 vel
515 959 666 1026 medium
680 960 725 1044 B,
744 959 836 1045 quod
854 959 1047 1026 affirmatur
1065 959 1311 1026 universaliter
1329 959 1371 1024 (16

179 1086 200 1149 t
223 1087 255 1151 A
275 1094 309 1151 61
332 1091 482 1173 negatur
504 1085 750 1152 universaliter
773 1109 793 1151 a
813 1085 852 1172 Ο,
874 1093 935 1152 aut
954 1093 1104 1172 negatur
1127 1086 1371 1152 universaliter

223 1211 266 1276 ab
294 1211 328 1277 A
347 1218 381 1277 et
408 1211 600 1277 affirmatur
627 1211 873 1278 universaliter
901 1213 943 1278 de
963 1211 1002 1297 0,
1023 1218 1058 1277 et
1083 1213 1371 1303 argumentabere

223 1337 321 1402 iuxta
339 1336 528 1403 secundum
547 1344 651 1423 atque
680 1337 834 1424 primum
863 1337 1033 1404 secundae
1063 1337 1195 1424 figurae
1219 1337 1369 1403 modum.

223 1459 260 1526 Si
278 1462 524 1549 particularem
548 1462 792 1529 affirmativam
816 1462 1018 1529 concludere
1041 1464 1158 1530 auimo
1183 1463 1292 1547 sedet,
1312 1485 1371 1550 po-

221 1588 305 1653 teria
324 1588 492 1676 inprime
511 1589 623 1675 figura
646 1589 703 1655 vel
721 1588 834 1656 medio
858 1590 901 1672 B,
923 1589 1014 1676 quod
1039 1589 1236 1656 continetur
1254 1595 1369 1655 totum
1431 1624 1435 1629 ·

156 1715 200 1778 10
222 1712 265 1778 ab
284 1712 318 1777 A
341 1721 376 1779 et
405 1713 561 1780 continet
589 1720 701 1781 totum
721 1714 747 1779 O
767 1715 862 1801 (quia
881 1714 941 1781 ubi
962 1714 1199 1781 concludimus
1229 1714 1368 1780 univer·

224 1839 308 1924 sale,
333 1863 514 1926 possumus
546 1840 653 1906 etiarn
683 1863 784 1906 suum
812 1841 1022 1928 particulare
1053 1840 1282 1924 concludere);
1313 1839 1370 1906 vel

221 1965 333 2032 medio
368 1966 417 2050 B,
450 1965 542 2054 quod
573 1967 772 2032 continetur
796 1973 907 2032 totum
944 1967 987 2032 ab
1011 1967 1044 2030 A
1078 1973 1113 2032 et
1141 1966 1297 2032 continet
1331 1966 1369 2030 in

221 2099 320 2178 parte
345 2091 460 2179 ipsum
484 2091 519 2157 O.
540 2092 675 2159 Poteris
699 2092 805 2158 etiam
832 2093 870 2156 in
896 2092 1002 2157 tertia
1030 2091 1142 2178 figura
1174 2093 1230 2159 vel
1255 2092 1367 2158 medio

223 2217 314 2303 quod
333 2218 531 2284 continetur
550 2218 594 2284 ab
613 2224 762 2304 utraque
785 2217 1004 2283 extremitate
1028 2223 1154 2301 totum,
1175 2217 1230 2282 vel
1249 2240 1368 2282 secun-

157 2350 198 2413 15
222 2343 304 2410 dum
322 2351 457 2432 partem
474 2345 518 2410 ab
533 2367 615 2428 una,
636 2345 824 2410 secundum
837 2351 951 2411 totum
969 2343 1151 2428 etaltera,
1169 2343 1262 2429 quod
1281 2344 1367 2409 acci-

220 2468 273 2534 dit
285 2475 337 2553 (ut
347 2477 398 2535 est
417 2469 468 2535 ibi
483 2470 720 2554 manifestum)
737 2468 931 2557 dupliciter.
946 2468 983 2533 Si
1002 2469 1201 2554 negativam
1213 2468 1366 2556 particu-

219 2594 326 2660 larem
352 2594 406 2661 vis
430 2594 573 2680 inferre,
598 2596 728 2683 poteris
747 2595 860 2682 primo
883 2593 994 2660 modis
1014 2593 1140 2678 quibus
1159 2593 1364 2659 universalis

219 2720 384 2805 negativa
400 2720 650 2804 concludiltur,
666 2729 705 2787 ut
721 2727 773 2786 est
790 2743 852 2807 per
866 2720 1022 2807 proxime
1041 2719 1135 2785 dicta
1154 2719 1238 2785 satis
1256 2718 1364 2785 mani·
1388 2736 1419 2784 a
1431 2722 1481 2785 6²·
1493 2722 1539 2784 Ρ
1608 2790 1612 2797 ,

219 2846 359 2928 festum;
386 2846 534 2913 secundo
563 2847 600 2911 in
628 2847 742 2935 prima
773 2846 884 2932 figura
907 2845 964 2911 vel
993 2845 1106 2912 medio
1135 2844 1227 2931 quod
1250 2852 1363 2912 totum

152 2976 199 3042 20
220 2972 415 3039 excluditur
434 2973 477 3039 ab
498 2975 529 3038 A
541 2980 576 3039 et
592 2975 684 3060 quod
694 2973 886 3040 affirmatur
898 2973 936 3037 in
947 2979 1047 3060 parte
1059 2973 1101 3038 de
1120 2973 1163 3056 Ο,
1182 2972 1238 3039 vel
1251 2972 1363 3040 medio

221 3097 312 3183 quod
329 3105 443 3164 totum
460 3099 657 3166 continetur
673 3099 717 3166 ab
733 3100 765 3164 A
781 3099 950 3181 subiecto,
964 3120 1024 3163 seu
1038 3098 1080 3163 de
1097 3120 1164 3184 quo
1180 3098 1214 3164 A
1229 3098 1366 3163 univer·

220 3223 339 3289 naliter
357 3223 499 3311 dicitur,
520 3232 555 3289 61
578 3223 667 3290 nihil
690 3225 846 3291 continet
869 3223 911 3289 de
930 3223 971 3308 Ο,
992 3222 1100 3289 idest
1123 3221 1365 3289 universaliter

220 3354 368 3434 negatur
387 3372 407 3414 a
425 3348 624 3437 praedicato
654 3346 892 3437 problematis,
913 3354 948 3413 et
971 3347 1022 3412 ita
1041 3346 1260 3413 concluditur
1278 3345 1366 3410 indi-

219 3479 327 3558 recte;
346 3474 451 3540 tertio
472 3475 510 3539 in
529 3474 678 3541 secunda
698 3474 821 3562 figura,
839 3475 869 3540 si
884 3473 1037 3539 medium
1053 3473 1083 3537 B
1099 3473 1142 3538 ab
1161 3472 1195 3538 A
1211 3478 1364 3538 extremo

152 3601 196 3665 25
220 3606 366 3686 negetur
389 3600 631 3666 universaliter
651 3607 686 3665 et
704 3600 746 3666 de
765 3601 791 3665 (l
810 3600 1070 3689 particulariter
1086 3598 1289 3681 affirmetur,
1309 3595 1366 3662 vel

220 3725 261 3792 de
286 3727 319 3790 A
343 3727 532 3793 affirmetur
555 3726 799 3794 universaliter
822 3734 857 3793 61
875 3728 917 3793 (16
937 3727 963 3792 O
982 3724 1240 3814 particulariter
1264 3745 1366 3809 nege·

219 3857 289 3934 tur;
310 3860 434 3938 quarto
455 3852 493 3918 in
513 3853 616 3919 tertia
635 3853 760 3939 figura,
777 3853 838 3919 ubi
857 3853 1030 3918 demedio
1051 3853 1081 3917 B
1104 3852 1137 3915 A
1156 3851 1271 3938 ipsum
1290 3849 1366 3914 uni·

220 3978 399 4043 versaliter
410 3985 558 4065 negetur
567 3986 602 4044 ct
621 3979 647 4045 Ο
664 3977 908 4044 universaliter
920 3977 1119 4061 affirmetur,
1133 3977 1188 4042 vel
1208 3976 1212 4064 1
1234 3975 1275 4039 (16
1289 3975 1363 4062 ipso
1390 3974 1478 4036 '711
1494 3970 1535 4038 G

219 4104 476 4191 particulariter
489 4114 636 4190 negatur
649 4105 681 4169 A
693 4111 727 4169 et
740 4104 765 4169 O
779 4104 969 4170 affirmetur
985 4102 1241 4186 universaliter,
1255 4102 1310 4166 vel
1322 4100 1364 4166 de
1399 4189 1402 4196 Ι

154 4238 198 4304 30
218 4231 294 4318 ipso
310 4239 457 4320 negetur
475 4231 718 4298 universaliter
736 4232 770 4297 A
789 4238 823 4297 et
843 4232 868 4297 O
887 4230 1145 4319 particulariter
1164 4228 1362 4295 affirmetur.

298 4413 311 4459 l
329 4411 443 4477 querito
455 4385 481 4461 l’
528 4413 545 4462 ὃ
560 4413 649 4464 sedet.
663 4412 777 4464 Poteris
791 4430 804 4461 e
817 4413 848 4461 17
860 4411 976 4462 inferre.
991 4411 1105 4463 Poteris
1120 4412 1169 4460 ΡΑ
1217 4411 1248 4461 23
1264 4412 1362 4476 praed-

219 4490 314 4544 dicato
328 4493 354 4543 P
