3390 5122
535 430 580 473 Dr:
599 428 841 474 conrosrrloun
862 428 1040 488 lnaumvn,
1062 427 1109 471 111.

676 815 828 881 GAPVT
864 815 964 880 XIII.

667 997 770 1048 sigillum
786 998 836 1038 111.
852 997 977 1048 Interpm.

339 1266 440 1332 Atria
459 1265 668 1332 constituam
686 1264 858 1351 interpres
873 1264 956 1329 bina
975 1272 1078 1350 atque
1097 1264 1233 1348 vicena,

250 1395 345 1472 Quae
363 1393 509 1460 totidem
527 1392 669 1480 capiant
687 1399 807 1479 aptata
826 1391 953 1458 cubilia
971 1391 1117 1479 parteis,

206 1516 226 1578 5
249 1520 291 1585 In
309 1519 433 1605 quibus
451 1527 492 1584 ut
511 1517 598 1582 varii
615 1517 762 1583 cultores
782 1516 1054 1601 constituentur,

250 1642 375 1709 Omnia
394 1664 481 1728 quae
499 1641 593 1706 trina
612 1648 773 1708 constant
791 1640 906 1707 radice
925 1642 1110 1707 dabuntur.

742 1956 808 1996 Atria
824 1956 896 1996 xxn.

335 2183 437 2248 Atria
453 2191 535 2248 sunt
553 2184 725 2270 Pyramis,
741 2183 847 2267 Fons,
867 2183 995 2266 Lucus,
1016 2181 1190 2266 Porticus,
1212 2183 1297 2264 Ara,

249 2309 414 2390 Antrum,
435 2308 535 2392 Falx,
555 2309 698 2393 PuteuS,
717 2307 937 2392 Pinnaolurn,
957 2308 1089 2390 Mensa,
1110 2308 1319 2390 Lavacrum,

183 2429 225 2492 10
248 2433 485 2518 anmentum,
507 2432 624 2515 SedeS,
646 2433 798 2516 Fornax,
818 2433 977 2520 Specula,
996 2432 1100 2514 Arca,
1121 2431 1304 2515 Columna,

246 2558 406 2642 Flumen,
427 2558 613 2643 Vexillum,
633 2557 873 2642 Tormentum,
893 2557 1037 2646 Crypta,
1059 2556 1297 2645 Sepulchrum.

730 2854 819 2897 cuorus
834 2855 907 2896 xxn.

333 3081 375 3146 In
395 3079 521 3167 quibus
540 3089 576 3146 et
593 3078 704 3146 forma
720 3077 786 3146 tibi
805 3085 908 3145 sunto
928 3076 1064 3145 Cubilia
1080 3077 1213 3162 eadem,

245 3206 432 3294 Principiis
452 3229 540 3272 unus
557 3205 663 3272 variis
683 3204 878 3285 servabitur
897 3204 997 3287 ordo,

180 3328 221 3391 15
244 3332 376 3418 Nempe
395 3332 486 3416 quod
502 3338 554 3398 est
573 3330 653 3397 Atri
668 3352 794 3396 nomen
812 3330 1031 3419 primumque
1051 3328 1174 3395 Cubile

244 3456 406 3545 Accipias
421 3457 530 3524 veluti
548 3464 627 3546 post
646 3457 814 3544 Cryptam
833 3480 933 3523 cerne
950 3456 1167 3545 Sepulcrum,

243 3583 361 3649 Tertia
377 3583 529 3650 succedit
548 3583 720 3670 Pyramis,
741 3583 834 3648 Fons
851 3589 1008 3667 quartae,
1027 3590 1062 3647 et
1081 3583 1182 3649 ultra.

245 3708 374 3774 Ordine
393 3708 442 3774 sic
461 3707 556 3773 vario
576 3707 771 3774 consistunt
794 3716 896 3793 etque
915 3707 953 3772 in
971 3707 1105 3793 eodem,

243 3835 344 3900 Atria
365 3833 461 3920 queis
480 3834 616 3899 animae
631 3834 805 3902 donantur
825 3832 964 3920 cognita
984 3832 1087 3899 turba

178 3967 223 4029 20
246 3958 361 4043 Sutor,
383 3959 550 4044 Piscator,
571 3960 752 4044 Luctator,
769 3957 883 4043 Miles,
900 3957 1059 4041 Amator,

243 4084 446 4171 Impressor,
467 4086 607 4171 Mango,
624 4084 766 4168 Tertor,
787 4083 971 4167 Pinoerna,
991 4082 1182 4167 Bubulcus,

243 4209 374 4294 Pictor,
396 4210 526 4294 Nauta,
545 4209 673 4294 Olitor,
689 4210 835 4293 Tonsor,
855 4209 1033 4295 Gaupona,
1053 4208 1208 4294 Balatro,
1296 4292 1301 4297 .

334 4486 349 4533 4
366 4491 477 4549 aptata,
491 4482 598 4534 cubilia
662 4485 692 4533 15
709 4484 786 4543 Atri]
801 4484 839 4534 ric

1332 412 1391 470 309
