3390 5122
600 425 601 428 ¹
669 434 805 479 iORDANl
826 434 926 479 anru

525 877 1063 976 EXPLIOATIO

337 1077 590 1133 RHETORIGAE
616 1077 870 1133 ARISTOTELIS
898 1079 952 1132 AD
980 1080 1256 1136 ALEXANDRVM

699 1202 894 1258 PRIVATIM

788 1397 806 1434 A

592 1536 806 1603 IORDANO
840 1535 1001 1603 BRVNO

695 1688 801 1722 notrae
818 1685 899 1721 imo

506 1832 636 1864 nicam
660 1832 896 1862 wrrrnnaeuneu
919 1833 992 1864 euro
1016 1821 1088 1865 rtet.

698 2385 839 2461 PARS
868 2387 898 2460 Ι.

547 2547 580 2585 Dc
595 2546 736 2597 inventione,
752 2546 900 2595 dispositione
915 2551 937 2586 er
952 2546 1049 2586 actione.

162 2765 203 2827 10
314 2751 497 2840 Duplieem
521 2752 728 2818 rhetoricam
752 2752 860 2818 edidit
883 2752 1103 2819 Aristoteles:
1128 2753 1274 2818 alteram
1297 2754 1380 2820 vul·

224 2884 343 2964 getam
366 2887 470 2963 atque
487 2900 717 2961 communem,
738 2900 825 2964 quae
844 2878 1046 2943 inscribitur
1065 2876 1109 2943 ad
1125 2877 1378 2962 Theodectem3

225 3003 368 3070 alteram
384 3026 464 3069 vero
479 3004 687 3091 peculiarem
709 3003 713 3091 Ι
734 3014 769 3069 et
792 3002 869 3069 usui
889 3002 1079 3068 Alexandri
1098 3001 1248 3068 dicatam
1267 3009 1382 3090 atque
1412 3015 1494 3080 23
1506 3014 1549 3078 F

225 3128 448 3214 destinatam,
470 3129 507 3194 in
530 3151 598 3214 qua
618 3128 757 3214 quidem
781 3128 866 3193 dicit
887 3151 922 3193 se
946 3152 985 3193 ea
1003 3150 1103 3194 usum
1128 3150 1200 3193 esse
1223 3127 1380 3214 diligen-

226 3253 276 3318 tia
299 3262 333 3318 et
360 3252 397 3318 in
424 3252 606 3319 tractando
635 3254 897 3340 praeceptisque
926 3252 1129 3339 colligendis
1160 3274 1241 3317 cura
1266 3258 1379 3340 atque

161 3391 202 3454 15
225 3378 377 3461 solertia,
402 3379 501 3444 utin
525 3378 576 3443 rei
599 3377 805 3444 sufficientia
829 3378 961 3443 nemini
985 3400 1115 3461 eorum,
1139 3377 1200 3464 qui
1230 3385 1312 3443 ante
1339 3401 1379 3445 se

225 3501 407 3570 decadem
431 3504 577 3570 materia
600 3509 892 3590 praetractarunt,
914 3502 1021 3568 cedat.

494 3766 528 3804 De
543 3764 577 3803 hie
592 3775 650 3812 quac
665 3765 689 3804 in
704 3765 880 3815 praeparatione
895 3777 934 3805 ceu
950 3765 1100 3815 praelatione.

315 3950 419 4015 Liber
443 3949 509 4013 iste
532 3950 570 4013 in
593 3948 677 4014 duas
696 3955 811 4035 partes
836 3948 1052 4036 dispertitur,
1071 3955 1192 4037 utpote
1215 3948 1253 4012 in
1272 3971 1381 4035 prae-

225 4076 393 4141 fationem
413 4083 448 4138 et
464 4080 661 4139 tractatum.
682 4075 733 4139 De
751 4074 967 4160 praefatione
986 4075 1156 4140 tenendae
1174 4081 1255 4140 sunt
1271 4076 1382 4159 quin-

159 4211 203 4274 20
227 4200 337 4265 decim
356 4200 520 4278 rationes
539 4198 664 4283 quibus
684 4199 879 4265 Alexandro
900 4200 1052 4266 studium
1073 4200 1259 4266 rhetorices
1279 4222 1380 4268 com·

321 4400 352 4448 10
367 4398 489 4448 Aristot.
508 4399 536 4448 F
596 4398 626 4446 16
644 4397 761 4447 uiatotia
778 4398 806 4447 F
865 4397 1132 4464 praetractarintG
1197 4400 1226 4451 18
1242 4417 1296 4464 sqq.
1322 4420 1382 4468 per

229 4482 252 4531 lo
266 4480 375 4546 postilla
388 4479 416 4529 di
431 4481 458 4530 F
469 4478 528 4529 cedi
542 4479 570 4528 la
584 4484 677 4528 nostra
687 4477 847 4543 prcfaaeionc
910 4481 947 4531 19.
958 4480 990 4529 20
1007 4480 1171 4546 quindecim
1184 4481 1214 4531 ia
1226 4479 1303 4544 cisra
1319 4486 1351 4536 F
