3390 5122
802 416 942 462 Ionum
962 416 1063 463 anru

453 571 587 637 Rursus
606 593 688 657 ergo
707 573 804 637 velut
829 597 849 639 a
874 574 988 661 capite
1012 574 1218 661 incipientes
1247 576 1393 641 dicimus
1413 576 1502 642 circa
1591 620 1593 624 .

364 694 544 761 materiam
568 703 672 782 atque
695 697 837 783 species,
857 705 1040 784 postquam
1060 700 1372 786 supranaturaliter
1395 722 1503 766 unum

335 920 339 929 ¹
365 824 450 904 0001
471 820 660 905 infinitum,
680 821 852 889 intensive
881 830 994 889 totum
1012 824 1140 910 ubique
1159 832 1263 910 atque
1293 826 1448 890 totaliter
1467 825 1505 890 in
1529 826 1561 887 3

365 947 532 1012 immenso
542 954 718 1034 repertum
729 948 972 1034 intelleximus,
983 972 1091 1015 unum
1104 949 1188 1016 item
1202 950 1378 1016 extensive
1388 950 1504 1015 infini-

319 1071 340 1133 5
364 1078 438 1136 tum
457 1072 669 1157 universum,
690 1073 782 1158 quod
803 1073 840 1138 in
854 1074 1013 1160 partibus
1029 1074 1107 1141 aliis
1122 1080 1225 1162 atque
1239 1075 1331 1160 aliis,
1349 1075 1434 1141 alibi
1452 1085 1504 1142 at·

364 1218 429 1280 que
449 1196 532 1262 alibi
560 1198 786 1284 corporaliter
801 1206 853 1264 est
878 1199 1110 1286 perspicuum,
1135 1201 1355 1267 0010000100
1382 1201 1505 1267 obieci·

364 1344 455 1404 mus;
475 1344 680 1408 rursumque
699 1324 829 1410 species
853 1325 1067 1391 substantiae
1086 1333 1244 1412 0100000
1260 1348 1347 1411 quae
1366 1326 1504 1391 realiter

365 1446 401 1511 in
422 1446 618 1513 substantia
637 1448 857 1535 reperiuntur
876 1450 1087 1532 accidentia;
1106 1450 1264 1536 sequitur
1283 1449 1364 1516 ordo
1384 1450 1504 1515 mundi

363 1571 552 1656 rationalia,
574 1573 634 1657 qui
652 1582 706 1639 est
724 1574 768 1639 ad
787 1574 1050 1640 similitudinem
1068 1575 1238 1641 naturalis
1258 1575 1355 1640 00100
1367 1581 1418 1641 001
1433 1597 1505 1640 um·

301 1692 343 1755 10
365 1696 442 1781 bra,
464 1698 523 1783 001
543 1705 595 1764 est
613 1699 729 1786 imago
746 1699 858 1766 divini
879 1701 975 1766 cuius
994 1708 1047 1767 est
1065 1700 1263 1787 vestigium.

712 1974 863 2041 CAPVT
892 1975 1155 2042 SECVNDVM.

673 2122 708 2161 De
724 2121 824 2170 itaquae
838 2122 866 2161 nd
882 2123 996 2171 speculum
1012 2126 1035 2161 et
1049 2123 1072 2160 10
1087 2121 1186 2172 speculo.

451 2309 579 2374 Actum
602 2309 795 2397 praesentis
819 2308 1104 2376 considerationis
1127 2310 1351 2397 proponimus
1374 2311 1411 2375 in
1430 2311 1503 2376 uni-

362 2457 460 2500 verso
477 2434 574 2500 iuxta
590 2435 730 2501 tertiam
750 2434 1051 2521 significationem,
1073 2435 1164 2522 quod
1183 2443 1235 2500 est
1253 2435 1363 2500 veluti
1382 2459 1501 2523 specu·

212 2564 217 2571 '
300 2563 341 2627 15
366 2560 439 2624 lum
458 2560 630 2645 quoddam
650 2561 786 2646 vivens,
808 2562 846 2626 in
865 2584 932 2647 000
951 2568 1010 2627 001
1022 2561 1137 2648 imago
1155 2584 1270 2627 rerum
1289 2561 1500 2628 naturalium

361 2692 397 2750 et
415 2686 537 2752 umbra
556 2686 761 2753 divinarum.

450 2812 525 2877 Hoc
554 2835 635 2878 0000
655 2812 831 2900 speculum
855 2814 1007 2899 concipit
1033 2813 1146 2878 ideam
1168 2818 1336 2898 tanquam
1364 2834 1503 2879 causam

361 2958 489 3020 rerum,
510 2937 600 3002 sicut
624 2938 739 3023 imago
763 2936 813 3002 rei
831 2936 1009 3003 faciendae
1036 2936 1074 3001 in
1104 2942 1220 3001 mente
1243 2933 1423 3000 efficientis
1442 2933 1502 2999 im·

360 3062 439 3127 buit
461 3061 641 3128 efficientis
668 3064 846 3128 rationem.
866 3061 1029 3148 Concipit
1054 3060 1201 3126 formam
1231 3067 1399 3146 tanquam
1428 3082 1501 3125 rem

295 3191 339 3252 ‘20
361 3186 992 3274 1000100010ρο00001001;·1010001ῐο
1010 3186 1060 3251 rei
1077 3186 1271 3251 substantia
1288 3185 1332 3250 ad
1346 3185 1437 3250 hanc
1452 3208 1502 3249 re-

257 3395 274 3421 .
361 3311 483 3395 fertur,
500 3310 582 3377 licet
600 3312 742 3399 physice
764 3334 835 3376 000
853 3312 928 3376 0100
947 3310 1092 3376 materia
1108 3308 1288 3394 consistat,
1309 3309 1394 3375 siin
1413 3309 1502 3375 atrio

360 3438 591 3525 Peripatetico
611 3439 862 3522 contineamur,
880 3439 983 3502 aliter
1001 3437 1031 3503 si
1051 3460 1129 3502 cum
1147 3436 1301 3523 physicis
1320 3436 1501 3501 materiam

362 3587 484 3630 rerum.
501 3565 656 3631 omnium
679 3564 910 3631 substantiam
935 3563 1227 3650 intelligentibus,
1252 3586 1339 3648 quae
1362 3562 1403 3628 de
1423 3563 1501 3629 sinu

361 3689 582 3777 propriisque
611 3690 802 3755 visceribus
827 3691 956 3755 formas
990 3689 1127 3772 educat,
1155 3688 1265 3754 veluti
1293 3695 1403 3753 mater
1426 3710 1502 3775 pro·

294 3819 338 3883 25
360 3816 473 3904 priam
489 3817 620 3904 prolem
632 3816 931 3884 vicissitudinibus
947 3815 1153 3902 quibusdam
1172 3815 1314 3898 emittit,
1335 3813 1498 3901 parturit,

361 3943 512 4028 concipit
536 3942 619 4007 item
638 3951 741 4028 atque
765 3942 928 4010 recondit.
949 3942 1111 4030 Concipit
1129 3941 1318 4027 imaginem
1334 3948 1501 4025 tauquam

361 4070 410 4135 rei
434 4070 543 4156 ipsius
562 4069 721 4135 effectum
745 4070 833 4135 arei
858 4069 1108 4154 quodammodo
1132 4068 1312 4156 superficie
1342 4089 1502 4132 emanan-

363 4202 446 4279 tem,
459 4203 493 4260 et
512 4196 703 4281 potentiam
720 4195 992 4281 cognoscitivam
1003 4195 1247 4260 informantem
1263 4193 1414 4279 primum
1429 4189 1501 4275 001-

453 4384 731 4451 200001000001000
792 4384 968 4435 8000010110
1031 4383 1292 4448 1400100000οειο
1355 4382 1502 4432 26000οο-

362 4465 420 4532 (111,
436 4465 562 4536 concipit
