3390 5122
585 418 630 461 ns
648 416 804 462 taurana
825 417 1026 462 viinuromu.
1342 401 1378 458 tl

237 595 322 639 seco.
352 572 507 659 Septimo
536 571 565 637 si
593 595 663 638 non
682 572 726 637 ab
746 572 914 638 ordinato.
944 571 1076 638 Octavo
1104 571 1134 637 si
1164 593 1235 636 non
1262 593 1324 656 per
1348 594 1382 634 so

237 698 349 785 primo
380 704 441 762 aut
468 697 617 763 secundo
645 697 756 764 modo.
784 698 885 764 Nono
916 698 945 764 si
973 696 1163 784 separabile
1191 704 1243 762 est
1266 696 1310 760 ab
1330 717 1381 778 ec,

238 822 329 910 quod
354 821 469 909 ipsum
493 823 652 910 suscipit,
674 823 748 888 sine
776 823 850 889 eius
878 823 1022 890 rationis
1052 822 1294 888 destructione.
1319 822 1385 885 De-

239 949 327 1015 cimo
358 949 387 1013 si
417 969 488 1014 non
516 948 621 1013 habet
650 947 871 1015 terminatam
900 948 1207 1014 determinatamve
1236 969 1382 1012 causam.

194 1070 214 1135 5
238 1074 431 1142 Undecimo
451 1074 480 1139 si
499 1095 570 1138 non
591 1073 664 1138 enti
682 1074 929 1161 propinquum,
950 1074 1033 1160 quia
1056 1095 1127 1140 non
1146 1095 1292 1159 semper,
1311 1094 1383 1137 non

239 1199 453 1285 frequenter,
485 1199 544 1264 scd
574 1221 660 1265 raro.
687 1199 900 1266 Duodecimo
924 1198 953 1265 si
978 1221 1048 1264 non
1072 1198 1173 1264 fatali
1197 1197 1383 1283 ordineque

239 1331 347 1409 certo,
367 1323 426 1388 sed
446 1345 527 1389 casu
542 1325 597 1389 vel
613 1323 762 1391 fortuna.
783 1325 1031 1390 Decimotertic
1046 1324 1075 1390 si
1092 1324 1184 1411 quod
1202 1324 1246 1389 ab
1266 1345 1305 1389 θο
1323 1345 1385 1411 per

240 1456 329 1513 sect
359 1449 549 1515 secundum
578 1449 693 1536 ipsum
713 1456 890 1517 causatum
919 1449 1048 1516 dicitur
1081 1449 1293 1514 accidentale
1323 1456 1384 1514 θεῖ.

240 1576 509 1663 Decimoquartc
538 1576 568 1642 si
591 1599 611 1642 a
635 1599 703 1662 quo
731 1578 844 1664 ipsum
874 1582 1052 1643 causatum
1081 1575 1211 1642 dieitur
1240 1582 1386 1641 nonest

176 1707 218 1771 10
240 1725 302 1788 per
317 1725 352 1767 se
372 1724 484 1767 causa.
504 1701 772 1789 Decimoquintc
789 1703 818 1768 si
837 1725 908 1768 non
924 1702 1047 1785 forma,
1065 1724 1136 1767 non
1153 1701 1314 1786 essentia,
1328 1700 1387 1766 sed

241 1826 380 1893 mobilis
409 1827 591 1914 dispositio
611 1834 671 1893 θεῖ.
691 1827 932 1894 Decimosexto
956 1827 986 1893 si
1005 1827 1094 1893 nihil
1121 1834 1174 1892 est
1199 1827 1254 1894 cui
1273 1848 1387 1891 neees-

243 1954 372 2019 sarium
392 1953 436 2019 ad
457 1954 638 2020 formalem
661 1954 947 2021 constitutionem
971 1954 1148 2022 habeatur.
1168 1955 1387 2041 Decimosep-

243 2078 329 2145 timo
354 2079 383 2145 si
402 2079 531 2164 ubique
551 2080 766 2167 contingens.
785 2080 1052 2148 Decimooctavo
1071 2080 1101 2146 si
1120 2081 1163 2147 ad
1182 2081 1387 2147 utrumlibet

242 2204 415 2291 possibile.
436 2205 672 2271 Decimcnono
700 2206 730 2271 si
750 2206 879 2292 absque
904 2206 969 2273 hoe
988 2207 1104 2272 omnic
1135 2207 1320 2273 secundum
1340 2229 1388 2272 θε-

178 2340 218 2403 15
242 2334 390 2400 sentiam
408 2341 443 2399 et
462 2357 534 2400 esse
553 2334 690 2420 integra
708 2341 789 2400 sunt
809 2342 843 2399 θῖ
862 2357 953 2400 vera.
969 2334 1146 2421 Vigesimc
1167 2335 1196 2399 si
1224 2357 1301 2400 cum
1330 2333 1389 2400 ha-

192 2462 203 2479 ’
242 2459 322 2524 beat
342 2482 413 2525 esse
429 2460 485 2525 vel
504 2459 700 2543 essentiam,
721 2481 792 2526 non
821 2468 874 2526 est
900 2460 1094 2538 essentiale;
1124 2460 1207 2546 quid
1226 2460 1319 2525 enim
1339 2483 1387 2525 θε-

244 2585 388 2651 sentiale
407 2586 537 2672 poterit
553 2608 625 2651 θεεθ
645 2584 832 2651 essentiae?
853 2586 1142 2673 Vigesimoprimo
1155 2586 1185 2651 si
1197 2585 1386 2652 secundum
1467 2574 1472 2582 ’

243 2711 355 2798 ipsum
375 2734 446 2778 non
469 2711 647 2796 definitur,
669 2711 728 2777 sed
751 2710 959 2778 describitur
977 2712 1123 2799 aliquid;
1145 2710 1275 2777 nullius
1294 2711 1387 2776 enim

246 2836 463 2902 essentialem
496 2836 757 2923 subingreditur
785 2836 1028 2903 definitionem.
1059 2835 1387 2924 Vigesimosecundo

178 2965 222 3028 20
245 2961 274 3027 si
293 2984 364 3028 non
383 2963 511 3029 dicitur
531 2963 536 3051 Ι
557 2962 599 3027 de
617 2984 743 3049 genere
759 2963 945 3028 secundum
963 2962 1054 3048 quod
1070 2984 1179 3049 genus
1195 2968 1258 3041 est,
1276 2983 1387 3048 neque
1412 2966 1509 3029 ¹?51
1528 2963 1569 3030 G

245 3089 287 3155 de
303 3088 415 3176 specie
435 3089 623 3155 secundum
638 3089 729 3175 quod
742 3095 793 3155 θεῖ
804 3089 944 3176 species.
955 3089 1237 3176 Vigesimotertio
1253 3089 1386 3175 siquod

245 3238 318 3280 θεεθ
336 3213 465 3280 dicitur
486 3236 556 3280 non
575 3224 627 3280 θεῖ
650 3238 744 3295 vere,
762 3214 821 3281 scd
836 3221 1069 3303 aptparenter.
1086 3216 1389 3301 Vigcsimoquartc
1414 3217 1484 3281 52
1498 3218 1544 3279 Ρ

247 3339 276 3405 si
292 3339 381 3404 nihil
397 3348 462 3423 est,
482 3341 539 3406 cui
552 3363 686 3427 semper
697 3346 801 3427 atque
813 3339 891 3424 soli,
908 3340 964 3407 vel
980 3341 1091 3406 solum
1106 3340 1283 3424 convenit3
1297 3340 1389 3426 qued

246 3465 339 3531 enim
352 3488 486 3552 semper
499 3466 602 3551 calet,
614 3489 676 3553 per
688 3489 723 3532 εθ
736 3466 834 3532 calet.
846 3466 1149 3554 Vigesimoquinto
1161 3466 1191 3532 si
1203 3466 1389 3554 aliquando

179 3593 222 3657 25
246 3613 324 3657 oum
341 3591 400 3676 sit,
416 3612 487 3656 non
507 3597 558 3657 θεῖ
578 3599 709 3658 certum
725 3598 874 3678 tempus,
894 3600 929 3658 θῖ
945 3591 974 3657 si
994 3614 1071 3657 oum
1090 3591 1219 3658 alicubi
1239 3593 1299 3677 sit,
1319 3614 1389 3659 non

246 3723 298 3783 cst
318 3723 429 3783 certus
447 3717 543 3782 locus
562 3725 623 3783 aut
639 3717 832 3783 subiectum
852 3717 888 3782 in
909 3739 977 3803 quo
997 3724 1081 3783 tunc
1099 3725 1221 3784 natum
1241 3719 1287 3784 sit
1307 3742 1389 3785 esse.

246 3842 521 3929 Vigesimosexto
546 3842 575 3909 si
600 3842 761 3929 quadam,
781 3865 852 3909 non
875 3849 968 3908 certa
993 3843 1178 3910 occasione.
1198 3845 1390 3932 Vigesimo-

248 3967 394 4055 septimo
408 3967 438 4033 si
451 3967 600 4054 quodam
611 3974 777 4056 respectu,
789 3991 859 4034 non
872 3968 1083 4056 simpliciter.
1090 3970 1390 4056 Vigesimooctavo

249 4091 278 4157 si
302 4091 500 4179 oppositum
519 4114 590 4157 non
610 4097 662 4157 est
681 4092 904 4180 impossibile.
924 4093 1195 4180 Vigesimonono
1215 4096 1243 4161 si
1263 4103 1392 4161 utrum·

183 4229 226 4292 30
250 4241 315 4303 que
332 4217 531 4306 oppositum
547 4217 696 4283 sumitur
716 4241 793 4283 cum
810 4219 977 4285 alterutro
995 4219 1061 4284 sibi
1080 4222 1238 4307 opposito
1259 4229 1392 4288 contra

341 4402 391 4453 a?
407 4403 490 4454 fatali
507 4409 644 4469 certoque
660 4402 808 4454 ordinet}
872 4406 902 4455 15
918 4403 1049 4467 intregro
1072 4405 1096 4454 0
1158 4408 1189 4457 27
1205 4407 1327 4473 quadum
1350 4407 1389 4461 G:

250 4485 388 4553 quaedam
398 4484 448 4534 ΡΑ
512 4484 593 4535 29.30
609 4489 736 4551 utruque
750 4485 788 4536 1¹:
803 4490 950 4552 utrunque
963 4489 986 4536 A
