3390 5122
577 417 623 463 ua
643 415 799 463 Laureion
820 415 1019 463 xrruaroam.
1328 402 1367 460 29

227 570 455 658 fortioresque
482 572 632 638 molossi.
661 573 815 638 Primum
834 596 944 659 genus
968 572 1167 638 inductivac
1186 578 1286 657 (quae
1310 596 1369 660 pa·

228 698 413 785 radigma),
442 698 629 764 secundum
648 698 881 785 syllogisticae
912 704 1012 783 (quae
1042 698 1369 785 enthymematicam

228 823 469 911 complectitur
482 824 741 907 discursionem)
761 831 866 911 typus
886 832 947 890 est.
960 824 1070 889 Primi
1087 824 1225 909 quidem
1245 831 1297 890 est
1315 846 1371 888 ve-

228 949 295 1015 luti
313 949 424 1015 levius
443 949 712 1037 apprehendere,
732 948 873 1014 secundi
892 958 984 1014 certe
1004 949 1179 1015 continere
1196 948 1369 1031 tenacius3

183 1079 204 1143 ὅ
228 1074 341 1162 primo
358 1076 408 1160 (in
426 1075 614 1142 levioribus
633 1074 827 1159 efficaciori)
852 1075 1040 1159 retardare,
1060 1074 1208 1141 secundo
1228 1095 1309 1140 vero
1328 1072 1371 1138 si-

229 1208 318 1266 stere
339 1201 549 1267 robustiores
571 1200 662 1266 feras
686 1207 789 1287 atque
812 1202 1007 1287 graviorem
1030 1203 1193 1288 perficere
1216 1200 1370 1268 venatio-

229 1350 308 1392 nem
326 1326 467 1414 propria
484 1332 535 1392 est
557 1349 578 1391 a
597 1333 722 1392 natura
741 1327 923 1394 tributum.

677 1652 925 1719 VENATILE.

681 1996 707 2058 Ι.
732 1994 919 2059 llnueuvn.

163 2207 205 2271 10
316 2212 383 2276 Per
411 2210 556 2277 eundem
586 2211 781 2277 venationis
812 2233 972 2297 campum
1002 2231 1073 2275 uon
1102 2209 1217 2292 unius,
1243 2208 1302 2274 sed
1332 2217 1366 2273 et

226 2336 378 2424 plurium
402 2359 568 2423 generum
591 2336 758 2402 venatilia
781 2336 988 2402 discurrunt.
1008 2336 1141 2401 Horum
1165 2342 1280 2401 autem
1299 2335 1367 2400 duo

226 2469 308 2527 suut
326 2463 438 2549 prima
465 2462 592 2549 capita,
612 2462 802 2550 propositio
821 2485 944 2550 nempe
961 2461 1140 2527 dialectica
1159 2468 1193 2526 et
1216 2460 1368 2526 dialecti-

227 2611 305 2653 cum
322 2588 509 2675 problema.
527 2588 752 2654 Dialectieam
767 2589 1038 2675 propositionem
1058 2587 1229 2654 definiunt
1244 2587 1368 2674 proba·

225 2714 332 2781 bilem
363 2715 688 2801 interrogationem,
720 2738 806 2800 quae
830 2721 891 2781 aut
914 2715 1074 2780 omnibus
1109 2722 1170 2780 aut
1197 2715 1368 2801 plerisque

162 2838 204 2903 15
228 2846 288 2906 aut
312 2840 540 2928 sapientibus,
569 2841 748 2906 ethorum
778 2840 833 2906 vel
862 2839 1017 2905 onmium
1046 2842 1100 2906 vel
1129 2839 1281 2927 plurium
1312 2839 1367 2906 vel

226 2965 488 3052 praecipuorum
502 2964 629 3031 iudicio
642 2965 878 3048 confirmatur,
888 2988 948 3053 per
965 2965 1184 3031 dialecticum
1196 2987 1277 3030 vero
1290 2988 1366 3052 pro·
1391 2965 1451 3029 17
1461 2967 1506 3027 Ρ

226 3090 340 3156 blema
363 3090 689 3178 contemplationem
719 3090 809 3156 circa
829 3090 865 3155 id
883 3091 975 3177 quod
994 3097 1045 3156 est
1076 3091 1113 3156 in
1133 3091 1366 3156 controversia

226 3216 379 3304 positum
398 3216 610 3301 intelligunt.

673 3472 718 3537 II.
743 3470 928 3539 Muneavn.

159 3708 205 3773 20
316 3703 506 3770 Dialectica
528 3703 718 3792 propositio
742 3708 803 3768 aut
821 3702 933 3789 primo
952 3725 1013 3789 per
1036 3726 1071 3766 sc
1090 3701 1280 3788 probabilis
1300 3711 1366 3787 est,

227 3839 373 3917 atquae
402 3829 488 3895 <licit
514 3829 656 3894 eandem
684 3828 936 3894 contrariorum
967 3850 1037 3892 esse
1064 3829 1287 3912 sententiam,
1307 3837 1367 3894 aut

227 3956 376 4022 secundo
391 3953 565 4042 probabili
576 3954 712 4038 similis,
729 3962 768 4020 ut
781 3954 926 4019 eundem
937 3977 1008 4018 csse
1028 3953 1279 4020 contrariorum
1297 3978 1369 4020 sen-

227 4104 318 4167 sum,
338 4087 399 4147 aut
415 4081 518 4153 tertio
537 4081 637 4146 (latae
652 4079 826 4168 probabili
842 4079 1123 4165 contradictoria,
1144 4087 1183 4146 ut
1199 4080 1228 4145 si
1248 4081 1368 4168 proba·

228 4207 296 4273 bile
328 4213 402 4272 erat
432 4206 524 4293 quod
553 4205 672 4270 amieis
701 4212 837 4292 oportet
861 4205 1075 4292 benefecero,
1106 4207 1286 4293 probabile
1316 4212 1368 4271 est

319 4403 335 4450 2
360 4398 608 4452 Eutimematicaln
632 4400 681 4448 ΡΑ
762 4402 792 4449 10
816 4400 936 4449 eundem
959 4400 998 4450 P:
1020 4401 1115 4450 eundi]
1136 4400 1174 4450 A:
1197 4401 1321 4452 eundum
1343 4402 1367 4451 (ι’

224 4480 256 4532 m
274 4496 347 4550 quae
362 4480 443 4545 dicit]
460 4495 543 4547 quae.
562 4480 588 4529 d.
605 4479 664 4543 (sic)
676 4477 742 4530 Pu:
756 4495 828 4545 quae
846 4488 932 4546 neget
950 4483 974 4531 (θ
1037 4484 1068 4532 22
1084 4483 1225 4548 probabili
1243 4484 1267 4531 P
