3390 5122
533 415 577 456 nn
599 415 841 458 COMPOSITIONE
864 417 1046 478 ruacrsvu,
1070 420 1103 463 11.
1314 408 1372 464 217

232 573 319 637 dunt
339 573 434 637 illam
456 572 555 658 Spes,
569 573 752 654 Alteratio,
766 573 927 658 Mutatio,
942 574 1142 662 Corrnptin,
1165 538 1374 643 comitantur

232 698 326 763 illam
347 697 454 780 Orda,
483 698 568 780 Lex,
590 698 729 779 Fatum,
750 699 897 775 Turbae,
923 700 1053 786 Motus,
1074 702 1270 786 TumultuS,
1296 704 1373 769 Bel·

231 821 319 903 lum;
340 830 533 907 sequuntur
552 823 695 888 eandem
715 825 787 888 Pax
811 825 1013 910 tranquilla,
1032 825 1136 903 Quies
1153 834 1244 912 tuta,
1265 827 1374 894 Gene-

230 948 319 1012 ratio
336 950 436 1031 clara,
454 948 609 1027 Novitas,
624 947 830 1028 Consolatio,
846 950 1021 1016 Nativitas
1037 957 1071 1016 et
1086 952 1215 1017 multae
1229 952 1372 1032 Laudes,

186 1080 207 1142 ὗ
230 1074 394 1154 Laetitia,
415 1075 509 1160 Spes
534 1074 709 1138 ethorum
730 1082 917 1159 consortes,
937 1076 996 1141 sed
1024 1077 1157 1143 occulto
1177 1079 1369 1164 pergebant

230 1201 366 1285 itinere,
387 1208 421 1265 et
449 1201 531 1286 quia
560 1201 679 1288 paucis
705 1201 972 1267 considerandae
999 1203 1133 1288 etquis
1162 1205 1206 1270 ab
1227 1204 1369 1271 Saturni

230 1349 351 1413 campo
375 1325 561 1392 abhorrent
584 1335 688 1413 atque
718 1326 822 1392 curia.
852 1328 1059 1413 Nigrantem
1087 1330 1216 1416 pallam
1246 1330 1369 1415 syndo-

228 1474 376 1536 nemque
391 1451 542 1518 humeris
556 1475 744 1539 appensam
757 1453 878 1535 trahit,
899 1476 1002 1540 super
1018 1477 1085 1540 qua
1102 1477 1224 1521 aureae
1240 1455 1367 1542 passim

227 1584 348 1662 guttae
368 1599 569 1664 conspersae
588 1579 737 1664 speciem
757 1579 929 1644 stellantis
950 1580 1035 1645 caeli
1051 1580 1278 1646 aemulantur.

165 1696 206 1759 lO
318 1712 335 1758 l
361 1702 454 1767 Ante
472 1702 565 1768 illius
585 1726 723 1768 currum
747 1709 828 1769 sunt
851 1704 998 1771 notabili
1022 1707 1232 1792 vulgataque
1257 1706 1367 1791 figura

229 1836 298 1893 tres
317 1829 456 1914 propria
476 1837 678 1916 peragentes
698 1831 816 1895 munia
834 1832 972 1896 Parcae.

721 2094 773 2132 Orci
795 2093 877 2142 lunago.

317 2317 565 2383 Cont'usissima
600 2317 803 2383 succedebat
833 2319 869 2382 in
902 2318 1054 2404 imagine
1088 2325 1122 2383 et
1152 2321 1368 2386 monstrosis-

228 2445 314 2508 sima
338 2442 446 2508 Orcus
471 2442 698 2525 omniformis,
724 2442 946 2526 nulliformis,
972 2445 1065 2509 omni
1085 2467 1166 2512 vero
1191 2447 1368 2532 superficie
1456 2457 1463 2468 “

164 2572 204 2632 lb
228 2569 339 2634 tristis
358 2576 393 2632 et
412 2567 611 2634 horrendus.
632 2569 736 2633 Illum
754 2569 928 2634 antecedit
947 2578 1060 2636 custos
1080 2571 1209 2637 ianitor
1227 2571 1367 2660 triceps,

227 2704 325 2760 terno
341 2694 516 2758 horribilis
532 2693 662 2759 latratu
678 2694 859 2778 CerberuS,
874 2695 970 2761 cuius
984 2695 1032 2761 vil
1042 2695 1080 2774 lli
1097 2718 1212 2762 omnes
1228 2698 1368 2784 viperae
1397 2699 1493 2761 120

227 2830 320 2901 sunt,
334 2820 424 2885 oculi
440 2819 724 2904 inextinguibiles
739 2819 910 2903 flammae,
925 2844 1025 2905 quem
1043 2823 1228 2889 comitatur
1244 2824 1368 2889 Imma-

227 2947 331 3029 nitas,
351 2946 495 3028 Horror,
513 2944 768 3027 Monstrositas,
786 2945 982 3030 Minacitas,
999 2947 1241 3034 Impaviditas,
1258 2950 1367 3037 Aspe-

225 3072 322 3154 ritaS,
352 3071 496 3157 Vigilia,
529 3069 751 3155 Inquietudo,
782 3070 961 3154 Custodia,
984 3073 1172 3138 vastissimi
1209 3073 1367 3140 draconis

158 3196 202 3257 ⁴20
227 3194 334 3261 cauda
358 3195 616 3261 occurrentibus
647 3195 870 3282 adplaudens,
901 3204 1158 3282 praetereuntes
1188 3221 1269 3263 vero
1295 3222 1367 3264 sae·

225 3322 364 3387 sissimo
388 3321 516 3386 caudae
541 3321 680 3385 verbere
704 3328 808 3405 atque
831 3321 1050 3387 tenacissimo
1075 3345 1165 3387 nexu
1187 3321 1366 3409 flagellans

224 3447 381 3534 implicat
401 3454 435 3512 et
455 3446 597 3512 reducit.

312 3581 329 3626 *l
354 3572 554 3659 Sequuntur
566 3573 750 3657 Erinnyes,
764 3571 832 3636 alio
845 3573 984 3637 nornine
998 3573 1139 3658 Furiae,
1156 3574 1224 3639 alio
1241 3576 1362 3640 Eume·

223 3697 328 3777 (lines,
344 3719 443 3763 canes
455 3699 648 3780 Tartareae,
664 3719 807 3781 quarum
816 3696 932 3783 capilli
940 3695 1167 3764 funestissimi
1180 3708 1260 3764 sunt
1273 3707 1362 3764 utra·

157 3827 199 3888 ‘25
222 3845 288 3906 que
307 3829 464 3910 exparte
489 3823 603 3909 capita
626 3822 792 3886 habentes
815 3821 925 3906 hydri.
950 3822 1037 3887 Cum
1057 3824 1182 3909 quibus
1206 3825 1361 3890 ambulat
1477 3824 1481 3832 ’

223 3947 415 4028 Discordia,
436 3947 642 4033 Flagellum,
663 3947 845 4031 Feralitas,
865 3947 1041 4030 Torvitas,
1057 3948 1165 4029 Ultio,
1181 3957 1215 4014 et
1232 3950 1300 4014 alia
1319 3973 1361 4014 ex
1442 3923 1445 3931 Ι

224 4074 494 4161 praenumeratis
513 4074 635 4155 multa,
655 4073 903 4159 innumeraque
922 4074 990 4139 alia
1009 4084 1162 4139 monstra
1179 4076 1361 4161 prodentia

223 4199 361 4287 Stygia,
387 4198 630 4278 Acherontica,
662 4198 960 4283 Phlegetlrontica,
993 4200 1155 4286 Cocytica
1183 4202 1360 4285 animalia,

314 4378 342 4425 17
359 4384 437 4425 suut.
452 4374 535 4425 Oculi
548 4392 561 4424 c
575 4375 716 4425 flammae.
734 4373 823 4435 Quem
909 4379 940 4425 19
957 4377 1141 4442 Inquietudo.
1158 4378 1296 4428 Custodia
1315 4394 1362 4428 va·

220 4457 342 4507 stissimi
420 4456 591 4505 marianos
672 4455 921 4519 28Plcgetontica

357 4551 431 4591 Risum
446 4555 500 4598 vpp.
514 4553 554 4588 lul.
568 4551 602 4595 ll,
612 4552 632 4588 8.
1175 4552 1201 4590 28
