3390 5122
560 403 604 448 nn
626 403 866 450 courosnuome
888 405 1076 468 nunemvu,
1090 405 1111 450 1.
1350 389 1407 448 109

268 557 357 623 sicut
376 582 418 623 ex
442 560 542 625 melle
561 583 604 626 ex
623 562 702 645 ista,
725 573 821 630 aceto
845 564 889 629 ab
912 563 972 629 illa
995 568 1106 650 parte,
1127 561 1307 648 oxymellis
1332 584 1406 648 spe-

269 684 355 749 ciem
374 707 622 772 comparamus.

400 813 496 878 XVI.
516 813 548 877 A
565 813 757 881 coniunctis
773 815 991 900 adiunctiun,
1008 817 1099 882 sicut
1114 836 1256 902 aegrum
1269 815 1409 879 exlecto
1436 801 1496 862 15

267 938 304 1002 in
334 961 401 1024 quo
432 939 625 1024 accumbet,
645 939 820 1006 infirmum
851 965 893 1007 cx
912 941 1042 1007 medico
1071 940 1258 1007 adsistente
1284 961 1407 1026 cogno-

222 1069 243 1132 t')
268 1064 403 1130 scimus.

400 1189 515 1257 XVII.
540 1191 593 1255 Ex
615 1198 769 1279 tempore
793 1199 1133 1280 contemporaneum,
1159 1191 1248 1257 sicut
1271 1213 1312 1255 ex
1343 1213 1412 1255 uva

267 1321 301 1379 et
319 1313 492 1382 fructibus
516 1322 736 1402 autumnum,
761 1340 802 1382 ex
822 1318 1009 1405 poroicidio
1039 1318 1198 1405 hyemem
1228 1339 1288 1382 seu
1317 1338 1410 1381 men·

267 1465 347 1509 sem.
372 1443 478 1508 Item:

400 1569 533 1634 XVIII.
559 1570 612 1634 Ex
630 1569 860 1636 instrumento
879 1570 1061 1655 artificem,
1082 1569 1172 1635 siout
1194 1568 1407 1652 astrologum

203 1704 245 1767 10
268 1715 310 1758 ex
330 1694 517 1760 astrolabio
545 1695 584 1760 in
610 1717 715 1761 manu
740 1695 796 1760 vel
822 1695 980 1782 sphaera,
1011 1694 1180 1762 rusticum
1206 1717 1248 1758 ex
1274 1693 1408 1778 ligone,

267 1826 392 1887 aratro

390 1945 492 2011 XIX.
512 1946 566 2011 Ex
584 1946 715 2032 insigni
738 1946 959 2032 insignitum,
979 1946 1070 2011 sicut
1092 1967 1134 2010 ex
1158 1944 1249 2011 elavi
1271 1944 1407 2028 Ianum,

266 2093 308 2134 ex
326 2069 414 2137 falce
434 2070 639 2156 Saturnum,
659 2095 701 2136 ex
720 2094 799 2137 ense
817 2072 976 2137 Martem.

398 2196 481 2261 XX.
501 2198 554 2261 Ex
571 2197 738 2285 peculiari
754 2196 889 2262 actione
908 2202 1069 2282 agentem
1088 2195 1144 2260 vel
1162 2194 1322 2282 passione
1345 2217 1403 2281 pa-

199 2321 241 2383 lo
264 2319 421 2404 tientem,
450 2322 738 2406 quemadmodum
767 2327 943 2409 raptatum
972 2321 1129 2387 curribus
1153 2320 1298 2386 cadaver
1323 2326 1402 2407 post

265 2468 403 2511 currum
418 2446 521 2512 unius
539 2447 636 2513 ducis
655 2446 693 2511 in
710 2447 870 2512 Hectoris
888 2446 1089 2513 memoriam
1112 2467 1175 2511 nos
1198 2444 1355 2530 adducit,
1373 2452 1408 2509 et

264 2571 474 2658 implicitum
491 2571 619 2638 nodum
633 2595 713 2638 ense
725 2573 879 2639 recidens
890 2572 928 2638 in
937 2571 1141 2657 Alexandri,
1156 2571 1216 2659 qui
1229 2569 1400 2637 Gordiani

264 2697 482 2763 involucrum
498 2697 548 2763 ita
567 2698 753 2785 expedivit.

398 2824 500 2889 XXI.
519 2825 572 2889 Ex
595 2823 706 2891 locato
732 2825 859 2909 locum,
879 2825 969 2891 sicut
988 2847 1029 2890 ex
1055 2824 1213 2890 Romano
1243 2822 1406 2907 Romam,

197 2956 241 3019 20
264 2971 306 3013 ex
323 2949 414 3015 Italo
438 2950 588 3033 Italiam;
609 2958 643 3016 ct
667 2956 787 3016 contra
806 2973 847 3016 ex
871 2950 945 3017 loco
968 2951 1133 3035 locatum,
1151 2949 1240 3015 sicut
1260 2970 1302 3012 ex
1325 2969 1405 3012 arca

171 3079 174 3084 ’
263 3075 475 3158 thesaurum,
495 3099 537 3141 ex
555 3075 646 3141 dolio
666 3076 800 3160 vinum,
819 3098 881 3164 per
901 3099 935 3142 se
954 3097 1025 3141 non
1044 3075 1298 3142 consistentem.

396 3201 517 3266 XXII.
537 3202 589 3266 Ex
608 3201 743 3267 actione
762 3201 846 3266 item
865 3201 1021 3267 sensibili
1044 3200 1281 3267 insensibilem
1305 3199 1405 3265 effec-

264 3331 350 3410 tum,
371 3326 460 3393 sicut
483 3350 525 3393 ex
548 3326 704 3393 adultero
729 3349 806 3392 cum
830 3326 986 3393 adultera
1010 3325 1232 3409 adulterium,
1258 3349 1299 3391 ex
1323 3326 1410 3391 occi·

263 3449 364 3516 (lente
382 3451 557 3518 hominem
576 3451 811 3518 homicidium.

196 3590 239 3654 25
395 3579 534 3645 XXIII.
553 3580 606 3644 Ex
634 3584 734 3666 parte
752 3585 879 3661 totum,
899 3577 989 3644 sicut
1008 3600 1049 3643 ex
1072 3585 1148 3645 rota
1177 3600 1333 3662 currum,
1362 3599 1405 3643 ex

264 3710 410 3788 quatuor
428 3705 484 3769 vel
501 3705 656 3790 quinque
679 3703 876 3770 hominibus
896 3703 1011 3787 simul,
1030 3703 1209 3791 populum.

396 3830 529 3896 XXIV.
553 3831 606 3895 Ex
629 3835 703 3896 toto
725 3820 878 3917 partem,
903 3828 992 3895 sicut
1020 3851 1062 3894 ex
1091 3851 1191 3894 caeco
1222 3789 1416 3894 oculorum·

262 3951 509 4021 infirmitatem.

394 4080 511 4147 XXV.
531 4081 584 4146 Ex
602 4079 853 4169 proportionali
872 4079 1219 4167 comproportionale,
1236 4079 1346 4146 veluti
1363 4101 1405 4145 ex

196 4201 240 4266 30
262 4203 368 4292 figulo
387 4207 499 4272 lutum
521 4212 760 4274 contractante
775 4213 810 4271 et
829 4212 941 4272 rotam
957 4205 1153 4271 invertente
1170 4205 1329 4271 divinum
1349 4229 1403 4271 ar-

357 4391 594 4457 loximcllislaic)
644 4393 673 4442 n
687 4391 833 4450 Gordiani]
844 4391 882 4440 uic
929 4393 959 4441 21
973 4390 1190 4455 consistentem]
1201 4389 1237 4441 sic
1284 4391 1404 4455 tlsorac

262 4477 461 4526 contractante
