3390 5122
522 430 568 474 1111
588 429 829 475 courosrrrom:
850 428 1033 490 maomvu,
1055 431 1075 473 1.
1310 417 1365 475 189

227 615 243 662 1
269 587 398 654 Ordine
417 589 581 654 continuo
601 610 756 674 quaeque
775 609 817 653 ex
840 587 883 652 iis
907 586 1138 671 adsituentur,

228 713 381 791 Quorum
401 736 464 800 pro
483 713 595 778 officio
614 720 667 778 cst
684 713 763 779 aliis
779 713 882 779 series
901 712 983 778 data
1001 713 1119 794 rebus,

226 838 363 924 Regula
382 844 475 904 certa
494 836 571 902 aliis
590 844 778 922 quaesunt
801 860 841 903 16
859 859 981 903 norma
999 837 1133 920 futura,

227 963 308 1052 Ipsa
326 962 391 1030 1116
408 964 592 1052 praecipue
612 971 647 1028 61
664 964 817 1050 primum
835 964 906 1029 sint
924 962 1082 1049 praedita
1097 960 1181 1028 luce.

183 1088 204 1150 b
228 1102 245 1150 1
270 1088 374 1155 Haud
392 1088 460 1154 tibi
479 1086 687 1175 multiplices
711 1087 799 1154 facie
818 1087 1005 1174 spectanda
1023 1087 1062 1153 in
1081 1086 1213 1168 eadem,

229 1213 295 1280 Ast
310 1213 382 1279 sint
396 1219 562 1301 perpetue
582 1212 678 1278 vario
697 1212 865 1301 pollentia
883 1214 997 1295 vulta,

230 1339 340 1418 Quem
355 1339 457 1405 rebus
473 1338 569 1404 1111116
588 1337 713 1404 tribuit
728 1344 854 1404 natura
871 1338 998 1404 labore.

227 1477 244 1524 1
270 1463 479 1530 conditione
497 1462 564 1529 tibi
583 1463 664 1529 dein
682 1462 746 1528 tali
765 1463 921 1551 praedita
937 1471 1056 1545 sunto,
1076 1469 1117 1528 ut

227 1587 391 1675 Disposta
409 1589 447 1653 in
463 1588 594 1653 formae
613 1587 801 1654 adventum
820 1587 944 1655 sintae
964 1585 1171 1670 insinuanti,

165 1708 205 1770 10
226 1713 332 1779 Haud
350 1713 453 1779 aliter
471 1736 576 1800 quam
595 1713 694 1779 albus
712 1713 840 1800 paries,
858 1734 934 1779 cera
954 1720 1057 1798 atque
1077 1712 1216 1779 tabella.

227 1851 244 1899 1
272 1839 354 1904 Mox
373 1861 494 1905 caveas
512 1861 556 1904 ne
576 1838 647 1903 sint
665 1838 814 1904 nimium
837 1838 992 1926 disposta
1009 1838 1217 1926 propinqum

227 1963 318 2029 Nam
334 1964 423 2029 male
442 1963 650 2051 scripturam
668 1962 799 2050 poteris
818 1963 1045 2050 distinguere,
1065 1963 1095 2028 si
1118 1962 1189 2028 sint

229 2089 350 2153 Mutuo
370 2095 530 2154 contactu
551 2089 727 2176 propriam
747 2088 895 2154 celantia
913 2087 1060 2154 formam

228 2213 383 2278 Membra
401 2213 472 2279 suis
491 2213 643 2279 numeris
662 2213 753 2278 mala
769 2213 889 2299 pervia
912 2213 1149 2301 conspicienti.

163 2333 203 2393 15
226 2350 243 2396 1
271 2338 342 2403 Nec
361 2344 539 2424 tamquam
557 2339 661 2425 longe
683 2346 906 2424 prospectans
926 2337 1059 2403 eminus
1078 2337 1122 2402 ad
1141 2360 1213 2402 rem

227 2461 407 2528 Obtundas
426 2464 558 2548 visum,
578 2464 686 2529 nimio
706 2470 740 2528 61
758 2485 795 2528 re
815 2463 969 2530 cominus
989 2469 1067 2528 acta

227 2587 425 2674 Dispergas,
446 2588 528 2674 quia
551 2610 623 2653 non
642 2589 769 2654 iniecta
788 2595 839 2654 661
857 2587 1013 2675 pyramis
1032 2587 1104 2653 ulla

227 2711 398 2777 Sensibile
416 2712 589 2778 obiectum
607 2719 749 2778 nectens
768 2713 944 2797 aciemque
967 2711 1129 2777 videntis.

227 2849 244 2897 1
271 2837 374 2903 Haud
393 2860 529 2922 quoque
548 2859 706 2904 concessa
724 2843 776 2904 est
795 2838 917 2903 insana
932 2836 1089 2919 licentia,
1106 2858 1176 2921 qua
1193 2858 1286 2902 nunc

160 2962 205 3024 20
227 2962 303 3028 Hoc
321 2961 358 3026 in
376 2962 553 3049 proposito
571 2963 707 3049 placeat
723 2963 817 3028 locus
837 2963 902 3028 iste
920 2961 1067 3043 11611116,

227 3089 337 3173 Inque
355 3088 424 3153 alio
443 3095 591 3170 temnas;
613 3088 776 3173 quoniam
795 3088 1024 3176 proficiscitur
1043 3087 1124 3152 iude

227 3214 325 3291 Quod
346 3212 431 3280 fidas
450 3213 560 3300 magis
579 3214 636 3294 iis,
655 3213 769 3279 minus
788 3214 874 3278 illis:
894 3236 1017 3301 nempe
1037 3210 1265 3278 adamussim

227 3338 305 3403 Non
325 3337 467 3403 fuerunt
485 3336 633 3403 similem
653 3338 816 3403 conlecta.
836 3337 1003 3423 Facitque
1027 3359 1112 3424 opus
1130 3335 1243 3419 istud,

227 3465 276 3530 Ut
296 3486 439 3549 quaeras
458 3463 587 3551 species
606 3464 666 3530 ubi
682 3463 797 3529 11111116
816 3470 897 3529 ante
915 3463 1057 3530 locaras.

161 3591 204 3653 211
228 3604 244 3650 1
271 3590 333 3674 Te,
350 3591 410 3675 qui
428 3590 540 3656 multa
558 3590 655 3676 cupis
674 3611 788 3655 rerum
805 3588 1014 3672 meminisse,
1035 3588 1172 3655 decebit

228 3716 360 3782 Horum
378 3739 450 3782 non
468 3717 587 3804 paucis
607 3717 785 3800 amarior,
806 3717 935 3802 absque
953 3715 1071 3782 labore

231 3843 399 3908 Adsuitur
418 3841 557 3908 chartae
577 3842 708 3926 charta,
726 3843 885 3928 aptisque
904 3841 1045 3908 aedibus
1066 3841 1178 3908 aedes.

230 3981 246 4027 1
274 3968 461 4033 Mobilibus
481 3967 658 4052 queisdam
677 3966 820 4032 adiectis
840 3967 993 4033 animata
1009 3967 1194 4051 dabuntur,

230 4093 516 4178 Quandoquidem
534 4100 671 4181 praesto
690 4093 819 4180 species
838 4093 903 4158 erit
927 4092 1127 4180 accipienda

162 4220 206 4282 30
229 4222 367 4286 Adiecti
386 4244 480 4305 casu,
502 4220 665 4305 quoniam
685 4219 954 4286 adventantibus
973 4219 1087 4306 ipsum

323 4463 352 4511 13
369 4463 511 4510 caelantia
