3390 5122
584 417 627 463 on
648 418 805 465 taurana
824 413 1025 463 rrsruaroam.
1335 390 1374 456 61

229 576 357 642 oierum
380 599 450 642 non
469 577 515 641 sit
535 576 634 641 idem.
654 576 844 643 Undecima
863 600 908 641 an
927 575 1067 661 aliquod
1086 573 1165 640 huic
1184 574 1303 659 generi
1322 599 1376 641 su-

228 703 402 789 periorum
426 702 466 767 de
491 703 667 788 assignata
683 724 752 768 non
774 703 991 790 praedicetur
1020 701 1145 788 specie,
1167 700 1378 785 quandoqui·
1466 688 1469 693 ’

228 827 305 892 dem
325 827 366 891 de
386 849 455 912 quo
482 827 646 893 inferiora
669 828 914 915 praedicantur
942 834 977 892 et
1010 825 1184 913 superiora
1203 825 1240 889 in
1260 824 1377 890 eadem

230 951 499 1018 coordinationis
527 952 619 1018 scala
655 952 847 1040 praedicari
866 974 1001 1018 necesse
1023 958 1083 1016 est.
1103 949 1315 1015 Duodecimn
1333 973 1378 1015 an

185 1081 205 1143 5
230 1076 326 1142 nulla
351 1076 636 1161 differentiarum,
658 1079 799 1163 inques
822 1078 1028 1165 dispescitur
1051 1099 1173 1163 genus,
1203 1075 1245 1140 de
1263 1075 1376 1162 posita

228 1201 448 1288 praedicatur
466 1203 592 1290 specie,
608 1203 779 1288 quomodo
796 1203 888 1268 enim
904 1202 946 1268 do
963 1202 1078 1267 anima
1099 1223 1263 1267 numerus
1280 1222 1377 1287 prae-

229 1327 416 1413 dicabitur,
434 1351 511 1393 cum
528 1350 641 1413 neque
655 1351 774 1416 parem
796 1328 886 1394 hanc
910 1328 1020 1415 possis
1045 1327 1157 1392 dicere
1188 1348 1298 1411 neque
1312 1325 1376 1390 im·

228 1454 372 1539 parem?
392 1453 641 1519 Decimatertia
660 1476 705 1520 an
729 1453 858 1541 species
881 1453 1026 1519 alicuius
1044 1452 1183 1538 generis
1207 1453 1374 1518 contrarii

227 1578 402 1664 particeps
415 1579 626 1661 inveniatur;
641 1579 809 1665 quomodo
824 1579 916 1644 enim
932 1578 1018 1644 illud
1036 1577 1140 1643 huius
1152 1578 1281 1665 poterit
1301 1602 1372 1644 csse

163 1704 205 1767 10
227 1704 359 1788 genus?
380 1704 649 1790 Decimaquarta
668 1727 713 1769 an
737 1704 829 1790 quod
844 1705 881 1769 in
897 1726 1022 1790 genere
1038 1704 1164 1791 speciei
1184 1705 1373 1791 opponitur

228 1836 280 1894 est
295 1830 446 1917 privatio
461 1837 496 1895 et
514 1829 639 1914 forma,
656 1832 694 1895 in
710 1830 805 1896 nullo
822 1830 914 1895 enim
926 1829 1044 1895 eodem
1060 1852 1185 1915 genere
1200 1829 1285 1895 haec
1302 1853 1374 1896 esso

227 1963 382 2041 possunt.
399 1954 437 2020 Si
454 1955 582 2043 quippe
601 1955 696 2022 visus
715 1962 767 2021 est
786 1978 919 2039 sensus,
939 1955 1142 2021 caecitatem
1165 1978 1302 2020 necesse
1322 1962 1373 2021 est

227 2102 299 2145 esse
311 2080 624 2145 insensibilitatem.
647 2081 651 2168 1
673 2081 939 2165 Decimaquinta
950 2105 994 2145 an
1007 2081 1096 2146 male
1108 2080 1268 2146 distinxit
1280 2080 1372 2166 quod
1397 2086 1468 2150 59
1482 2086 1528 2148 Ρ

228 2212 282 2270 est
300 2206 389 2271 circa
405 2206 537 2292 aliquid
557 2206 612 2272 vel
629 2206 667 2270 in
685 2206 814 2292 aliqu0,
836 2228 943 2291 aeque
962 2229 1002 2272 ac
1021 2207 1050 2271 si
1070 2206 1222 2271 ciusdem
1242 2207 1372 2292 species

164 2328 205 2392 15
228 2330 274 2395 sit
289 2330 486 2397 habendum
505 2331 561 2396 vel
579 2354 705 2417 genus3
726 2332 776 2396 ita
792 2332 884 2397 enim.
903 2332 1068 2398 memoria
1088 2339 1139 2398 est
1158 2332 1250 2398 circa
1266 2332 1373 2398 soien-

228 2456 314 2520 tiam
330 2463 364 2520 et
381 2479 459 2521 cum
480 2460 484 2542 Ι
505 2457 664 2541 scientia,
680 2457 770 2522 sicut
786 2464 821 2522 ct
836 2457 919 2523 haec
934 2458 1023 2523 circa
1040 2457 1136 2524 illam
1153 2466 1281 2524 etcum
1298 2458 1367 2524 illa.
1393 2463 1501 2527 '756
1518 2460 1559 2527 G

230 2579 397 2658 Quocirca
415 2582 604 2667 incongrue
619 2581 791 2669 quispiam
807 2583 1035 2649 retentionem
1048 2606 1108 2649 seu
1120 2584 1371 2650 continentiam

229 2706 301 2772 sive
330 2708 544 2772 mansionem
563 2707 727 2773 scientiae
745 2708 924 2795 putaverit
946 2732 1019 2774 esse
1037 2732 1147 2794 genus
1175 2710 1370 2775 memoriae.

229 2832 469 2898 Decimasexta
484 2857 530 2898 an
543 2856 612 2898 non
629 2833 788 2899 habitum
803 2833 953 2917 habitus,
969 2834 1162 2921 potentiam
1176 2835 1372 2922 potentiae,

161 2958 206 3023 20
229 2964 344 3022 actum
362 2965 459 3023 actus
479 2982 588 3044 genus
610 2959 740 3046 posuit,
761 2960 820 3024 sed
843 2961 898 3024 vol
922 2959 1081 3025 habitum
1104 2959 1295 3047 potentiae,
1315 2961 1371 3026 uel

229 3091 344 3148 actum
371 3083 526 3167 habitus,
546 3085 602 3149 vol
620 3084 742 3150 horum
761 3085 857 3168 aliud
888 3085 984 3150 alius.
1015 3085 1306 3172 Decimaseptima
1326 3109 1371 3151 an

228 3207 312 3272 item
338 3207 499 3274 affectum
531 3208 724 3275 affectionis
747 3209 801 3274 vel
831 3209 968 3276 affectio
995 3208 1110 3275 affecti
1141 3217 1193 3276 est
1217 3211 1370 3298 positum

227 3355 352 3418 genua,
373 3333 462 3399 sicut
490 3334 534 3398 ab
564 3357 603 3400 eo
633 3335 693 3420 qui
713 3333 1010 3400 immortalitatem
1030 3341 1131 3421 (quae
1149 3335 1243 3400 vitae
1264 3343 1371 3401 aeter-

228 3481 293 3522 nae
316 3465 368 3523 est
388 3459 546 3524 accidens
563 3459 635 3524 sive
647 3460 774 3546 passio)
788 3459 977 3547 appellavit
992 3460 1102 3526 vitam
1115 3461 1369 3548 sempiternam.

161 3589 204 3653 25
228 3584 494 3650 Decimaoctava
513 3608 558 3650 an
574 3585 744 3673 passionis
762 3609 872 3670 genus
891 3586 1040 3672 patiens,
1059 3586 1114 3651 vol
1132 3586 1298 3674 patientis
1314 3609 1371 3672 ge-

228 3731 292 3774 nus
311 3710 518 3796 passionem,
540 3717 579 3774 ut
606 3718 749 3775 ventum
780 3711 896 3776 (licens
917 3720 1029 3776 aerem
1060 3717 1205 3795 motum,
1227 3718 1369 3778 ventum

229 3835 318 3899 aeris
346 3841 477 3900 motum
504 3835 617 3899 dicero
646 3836 835 3919 debuisset,
865 3837 937 3902 sivo
964 3837 1057 3901 onim
1088 3844 1267 3903 moveatur
1296 3837 1368 3902 sivo

229 3960 392 4046 quiescat,
408 3970 466 4026 aer
479 3961 706 4028 nihilominus
718 3963 801 4046 erit;
814 3962 890 4030 ideo
908 3964 937 4029 si
957 3971 1080 4029 voratus
1099 3970 1188 4028 osset
1200 3972 1267 4047 aer,
1280 3972 1368 4029 esset

228 4085 334 4165 etiam,
346 4087 406 4153 illo
420 4089 615 4174 quiescente
625 4095 760 4154 ventus.
773 4089 914 4176 Semper
927 4089 1019 4155 eninr
1030 4113 1139 4175 genus
1151 4089 1371 4176 praedicatur

321 4389 449 4440 4schala
464 4390 489 4438 P
536 4391 551 4436 (ἰ
567 4388 759 4455 praedicatur]
772 4390 993 4454 praedicatura
1044 4390 1236 4450 llam-JsitG
1284 4392 1370 4440 1‘2cc-

229 4466 346 4520 eitatem
361 4470 386 4518 P
449 4473 480 4521 15
495 4471 625 4521 nemoris
638 4471 664 4519 P
726 4469 1028 4522 urdiccnso'ffl’a
1093 4472 1341 4539 ‘dipredicaturl’
