3390 5122
547 417 591 459 DE
612 413 857 460 couposmiorta
879 413 1059 473 maamvu,
1082 413 1103 456 1.

670 733 823 798 CAPVT
852 731 968 797 XVII.

601 881 705 920 Tertium
718 879 887 929 compositionis
899 879 1034 928 cxamplum.

337 1077 436 1156 Quod
460 1077 503 1142 ad
522 1077 678 1160 tertium,
701 1098 823 1162 nempe
847 1096 908 1162 per
927 1074 1081 1139 diversos
1104 1073 1319 1139 diversorum
1334 1096 1392 1160 ge-

245 1227 366 1269 nerum
387 1202 523 1267 ordines
542 1201 710 1288 vagandc,
723 1200 829 1266 habes
848 1201 888 1264 12
908 1199 1141 1265 occinentium
1160 1199 1334 1282 cubicula,
1354 1199 1391 1265 in

200 1329 220 1388 5
245 1329 370 1416 quibus
389 1350 516 1393 sonans
535 1334 782 1393 consonantem
802 1319 989 1408 antecedit,
1010 1333 1045 1389 et
1061 1326 1105 1390 30
1123 1323 1390 1406 concinentium,

245 1454 282 1519 in
312 1454 438 1541 quibus
468 1477 486 1518 e
514 1459 634 1518 contra
664 1459 781 1539 partes
813 1450 1072 1538 compositionis
1100 1449 1315 1516 ordinantur.
1334 1450 1390 1516 Ibi

244 1581 366 1645 Acran
385 1578 490 1644 efficit
513 1579 556 1644 ab
577 1578 807 1666 explicatione
838 1577 1030 1663 imaginum
1057 1576 1286 1659 sensibilium,
1306 1575 1390 1641 ima-

242 1705 365 1791 ginum
388 1705 535 1770 aliarum
560 1704 816 1769 concinentium
847 1710 882 1767 et
906 1702 1051 1768 aliarum
1082 1701 1314 1767 accinentium
1339 1725 1390 1768 ar-

242 1829 353 1915 miger
372 1837 567 1916 temperans
597 1853 639 1894 ex
669 1830 768 1915 signo
799 1829 891 1914 quod
921 1828 1029 1894 estin
1057 1827 1141 1892 noni
1164 1833 1282 1893 centro
1301 1828 1388 1893 acci-

179 1956 220 2019 10
242 1955 400 2019 nentium
430 1963 464 2019 et
495 1953 751 2020 concinentium
783 1953 1008 2040 temperantis
1040 1960 1074 2017 et
1105 1951 1319 2018 concinentis
1350 1953 1388 2017 in

241 2080 468 2166 temperantis
487 2080 629 2165 angulc,
652 2102 730 2144 cum
748 2079 940 2145 adiectione
960 2078 1046 2160 eius,
1069 2077 1160 2162 quod
1178 2083 1230 2142 est
1249 2077 1286 2142 in
1306 2076 1388 2141 sini-

242 2212 313 2270 stro
333 2205 475 2290 angulo,
497 2203 672 2270 interioris
690 2205 871 2291 trianguli.

330 2331 393 2394 Est
416 2337 451 2394 et
476 2330 705 2395 universalior
732 2330 821 2395 ratio
842 2352 908 2414 qua
932 2330 1061 2417 species
1080 2336 1115 2394 et
1139 2330 1387 2396 coordinantur

241 2461 275 2518 et
295 2463 563 2541 componuntur,
584 2456 645 2521 ubi
665 2456 814 2542 primam
830 2455 1112 2542 compositionem
1133 2456 1317 2541 adiectiVO,
1337 2480 1386 2523 se-

176 2586 217 2649 15
242 2579 388 2644 cundem
408 2589 547 2667 agente,
568 2581 707 2646 tertiam
727 2581 875 2665 actione,
900 2587 1059 2665 quartam
1079 2581 1205 2667 specie,
1225 2582 1384 2666 quintam

242 2713 447 2791 cooperante
467 2729 526 2770 seu
550 2707 745 2787 assistente,
767 2714 897 2800 sestam
926 2707 1119 2771 assistentis
1139 2707 1288 2791 actione,
1309 2731 1384 2795 sep-

240 2830 362 2895 timam
393 2831 539 2897 actionis
558 2832 671 2918 specie
698 2831 868 2918 perficias,
889 2853 1035 2915 quorum
1065 2832 1296 2898 membrorum
1316 2832 1383 2899 duo

238 2957 292 3019 vel
316 2956 383 3020 tria
403 2957 458 3021 vel
476 2957 593 3023 omnia
611 2979 674 3044 pro
693 2957 743 3022 rei
762 2956 937 3042 exigentia
956 2957 1147 3043 capiantur.

329 3082 397 3146 Pro
416 3081 470 3146 his
487 3105 527 3146 ex
544 3082 732 3169 propositis
754 3082 906 3149 faciliter
929 3091 1023 3148 certa
1047 3091 1153 3168 atque
1172 3084 1315 3149 definita
1335 3108 1384 3149 se-

172 3213 216 3274 ‘20
239 3207 327 3292 liges
346 3207 498 3272 membra
518 3231 560 3271 ex
576 3207 706 3295 duplici
726 3208 1021 3274 combinationum
1039 3207 1172 3291 ordine,
1191 3231 1292 3294 quem
1312 3233 1383 3276 car-

238 3332 390 3397 minibus
416 3334 454 3398 in
472 3333 560 3400 libro
585 3335 641 3399 De
664 3334 824 3400 umbris
851 3334 1033 3400 idearum
1058 3342 1093 3400 et
1116 3334 1269 3401 Cantus
1299 3336 1382 3401 Cir-

239 3457 323 3521 caei
344 3457 406 3523 sub
425 3459 631 3543 aenigmatis
651 3459 762 3546 specie
782 3459 1061 3544 significavimus.

647 3802 798 3867 GAPV'P
835 3805 966 3871 XVHI.

580 3948 614 3986 Dc
626 3949 698 3997 primo
714 3949 839 3998 specierum
855 3950 1027 3999 complemento.

167 4164 210 4226 25
323 4157 378 4220 Ad
397 4157 587 4243 specierum
601 4160 903 4246 complementum,
921 4182 1038 4225 earum
1052 4184 1139 4247 quae
1155 4161 1245 4227 sedis
1260 4164 1375 4249 spacia

234 4290 336 4366 atque
353 4283 419 4348 loci
435 4283 545 4348 vicem
558 4284 725 4368 obtinent,
739 4285 866 4351 sufficit
879 4285 1033 4351 definitio
1047 4311 1106 4353 seu
1122 4288 1373 4373 determinatis,

695 4418 746 4424 -—
751 4419 762 4423 -
770 4419 805 4424 -....
810 4420 817 4424 .
826 4419 859 4424 .—
864 4420 1112 4426 v——-—.-—-—-—
1131 4421 1135 4425 .
1141 4421 1371 4431 ——m—..

325 4463 375 4511 aa
392 4461 595 4512 accincntium.
611 4462 751 4524 Armiger.
770 4464 922 4528 Temperac
975 4464 1080 4524 iincni]
1093 4464 1131 4514 sic
1184 4466 1264 4516 2122
1281 4467 1373 4518 Circei

364 4555 440 4594 liunus
457 4557 510 4604 Opp.
526 4557 567 4594 lot.
583 4555 616 4603 11,
634 4555 655 4595 3.
1188 4560 1214 4598 25
