3390 5122
221 424 260 481 26
659 434 800 479 rounam
819 435 923 479 aavur

219 594 369 659 habendi
398 593 499 660 modo
530 593 586 658 vel
610 590 726 657 affecti
751 614 823 657 esse
853 591 1094 673 similitudine,
1126 604 1166 657 ut
1195 591 1286 657 idem
1314 599 1368 658 est

219 718 370 785 hominis
388 717 545 806 potentia
562 716 606 782 ad
622 715 883 802 ambulandum,
897 717 972 783 avis
988 718 1032 783 ad
1047 717 1249 800 volandum,
1262 717 1367 804 piscis

221 844 265 911 ad
283 844 487 926 natandum,
509 843 602 929 ignis
621 842 665 908 ad
685 842 951 928 ascendendum,
970 850 1031 908 aut
1054 845 1084 908 4.
1111 844 1175 908 sub
1199 842 1367 909 eiusmodi

221 971 453 1058 susceptibilis
473 968 661 1035 accidentis
680 969 832 1054 ratione,
853 975 893 1034 ut
911 968 1003 1035 idem
1025 968 1164 1035 videtur
1188 992 1260 1035 esse
1279 991 1366 1034 sere·

177 1106 198 1169 5
221 1097 313 1163 nitas
332 1096 370 1162 in
389 1104 479 1180 abre,
496 1094 734 1180 tranquillitas
753 1094 792 1159 in
807 1095 907 1177 mari,
927 1117 996 1182 pax
1014 1094 1053 1159 in
1070 1094 1208 1181 populo.

310 1222 397 1288 Tam
427 1221 548 1287 multis
577 1221 687 1288 modis
714 1221 717 1308 1
745 1243 823 1286 cum
858 1220 1008 1304 dicatur,
1039 1242 1185 1308 quorum
1220 1218 1368 1305 singulis
1393 1211 1502 1276 '722
1520 1208 1562 1275 G

221 1347 396 1415 diversum
419 1348 578 1434 opposita
600 1346 855 1433 significatione
881 1345 1098 1434 relspondet,
1127 1368 1197 1412 non
1227 1344 1366 1410 difficile
1392 1339 1510 1402 13P

223 1477 289 1544 erit
313 1477 481 1544 coniicere
510 1475 798 1563 quemadmodum
833 1474 995 1542 universa
1022 1473 1179 1539 dicibilia
1203 1471 1369 1559 compleo

223 1611 357 1688 tantur,
375 1626 462 1689 quae
472 1602 589 1668 omnia
601 1601 645 1668 ad
658 1607 806 1687 quatuor
817 1600 1012 1688 praedictas
1025 1605 1163 1666 constat
1178 1621 1251 1664 esse
1269 1596 1369 1663 redu·

158 1739 201 1803 10
225 1728 342 1795 cibilia
361 1728 499 1816 speeies.
515 1727 553 1792 Si
571 1750 679 1793 unum
693 1749 836 1794 numero
849 1727 893 1793 ad
902 1726 1139 1792 definitionem
1152 1732 1187 1790 et
1199 1724 1370 1789 definitio·

223 1854 278 1920 nis
302 1855 456 1920 membra
480 1853 669 1937 reducitur,
694 1876 803 1921 unum
823 1875 958 1938 quoque
982 1874 1120 1939 genere,
1144 1849 1369 1939 proportione

224 1987 259 2045 01
274 1980 452 2045 accidente
467 1979 628 2046 similiter
647 1979 804 2066 proprias
820 1984 965 2066 possunt
981 1978 1056 2043 sine
1070 1976 1273 2043 difficultate
1287 1974 1370 2041 elas-

226 2131 279 2174 ses
298 2128 491 2195 agnoscere.

664 2492 723 2557 IV.
748 2492 934 2556 Mnuauvu.

162 2800 203 2864 15
316 2795 435 2862 Tertio
467 2795 558 2881 quod
587 2816 768 2860 numerum
801 2795 1060 2880 quaternarium
1090 2818 1160 2861 non
1190 2795 1371 2882 excedant,

227 2921 308 2987 inde
334 2927 451 3008 potest
486 2945 558 2986 esse
577 2920 814 3003 manifestum,
840 2921 930 3006 quod
953 2921 1226 3008 propositionem
1254 2944 1374 3007 quam·

227 3047 313 3114 libet
335 3048 392 3112 vel
420 3047 598 3134 problema
621 3046 875 3135 perquirentes,
898 3069 985 3132 quae
1003 3047 1106 3114 fidem
1132 3071 1194 3134 per
1217 3048 1376 3136 syllogis-

229 3196 323 3239 mum
348 3180 452 3260 atque
480 3173 686 3239 divisionem
710 3173 899 3260 accipiunt,
933 3195 1004 3237 11011
1034 3179 1125 3238 certe
1148 3174 1216 3239 alia
1240 3175 1375 3242 ratione

229 3298 461 3387 proocdirnus,
483 3321 586 3384 quam
606 3298 740 3384 aliquid
759 3299 800 3363 de
819 3298 932 3386 posito
952 3299 1106 3365 subiecto
1126 3299 1374 3387 praedicantes.

163 3422 207 3485 ‘20
230 3425 340 3491 Omne
356 3430 471 3490 autem
491 3425 582 3510 quod
598 3425 830 3512 praedicatur,
848 3431 908 3490 aut
927 3424 1202 3490 convertibiliter
1219 3449 1296 3491 cum
1315 3426 1375 3493 1110

232 3550 360 3614 dieitur
383 3556 444 3616 aut
473 3574 534 3638 per
558 3573 742 3616 excessum.
763 3550 800 3614 Si
823 3548 935 3637 primo
966 3551 1147 3636 contingat
1177 3550 1291 3634 modo,
1319 3552 1375 3616 vel

230 3675 296 3740 1111
315 3674 473 3741 definitio
503 3675 558 3743 vel
589 3676 769 3764 proprium
789 3676 881 3761 quod
910 3676 1148 3763 praedicatur;
1179 3677 1308 3742 sivero
1328 3701 1377 3741 se-

231 3800 355 3885 cundo,
379 3807 462 3866 tuno
482 3802 537 3867 vel
557 3802 690 3887 aliquid
710 3801 776 3866 erit
803 3800 907 3866 exiis
926 3823 1014 3886 quae
1033 3808 1217 3867 sumuntur
1241 3801 1279 3866 in
1299 3802 1377 3867 sub-

232 3925 314 3990 iecti
339 3924 554 4008 definitione,
575 3933 609 3991 et
628 3927 742 4013 ipsum
761 3926 828 3991 erit
845 3948 969 4011 genus²
990 3928 1044 3992 vel
1065 3927 1244 4014 quippiam
1275 3951 1294 3992 a
1319 3926 1377 3991 de·

166 4049 209 4113 25
232 4051 390 4116 finitione
421 4052 568 4142 subiecti
596 4051 761 4137 alienum,
783 4075 860 4117 cum
889 4052 954 4118 hoc
982 4060 1098 4118 tamon
1129 4052 1221 4138 quod
1245 4052 1305 4118 1110
1330 4053 1376 4118 sit

233 4176 463 4259 communium
485 4186 518 4242 et
537 4177 624 4243 illud
648 4177 714 4243 erit
733 4177 1069 4265 circumscriptivum
1087 4178 1254 4244 accidens.

329 4495 359 4545 12
375 4498 472 4562 potest
490 4495 513 4547 G
576 4497 607 4546 14
624 4493 673 4564 IV]
689 4493 740 4556 sic,
756 4510 799 4543 mc
811 4495 846 4558 cf.
857 4511 888 4560 p.
901 4496 951 4553 24,
968 4496 998 4545 17
