3390 5122
216 400 275 479 394
656 412 796 458 roanann
818 411 921 459 snvu1

182 642 188 657 ,
216 569 374 636 terminis
403 571 615 652 altitudime,
636 576 757 657 utpote
785 570 953 658 capiendo
971 562 1034 659 per
1050 571 1289 659 synecdochen
1309 573 1371 638 vel

217 717 279 783 per
295 695 540 782 etymologiam
558 696 614 761 vel
629 703 812 781 utrunque.

307 820 403 887 Haec
418 829 534 887 autem
558 820 734 887 sufficiunt
753 827 937 908 praecepta
966 844 1030 909 pro
1062 822 1162 908 copia
1179 821 1369 888 varianda·

219 968 296 1013 rum
314 945 492 1033 phrasium
521 953 555 1011 et
586 949 763 1020 συντάξεων.
786 945 874 1024 Quia
900 967 981 1013 vcro
1011 946 1121 1013 nostri
1141 946 1295 1013 muneris
1314 952 1371 1012 est

176 1066 197 1131 5
220 1061 460 1138 tantummodo
479 1072 649 1137 rationem
669 1071 807 1158 agendi,
828 1093 898 1137 non
917 1072 1029 1159 ipsam
1044 1072 1243 1159 praecipere
1262 1071 1371 1137 actio·

221 1221 313 1282 nem,
343 1205 464 1286 utpote
496 1199 576 1284 quia
603 1221 685 1265 usus
720 1199 805 1264 artis
838 1198 955 1264 differt
983 1199 1027 1265 ab
1057 1205 1130 1265 arte
1161 1206 1195 1264 et
1224 1198 1371 1265 omnino

221 1324 338 1411 praxis
357 1346 377 1389 a
395 1322 543 1410 theoria,
564 1325 602 1390 in
625 1323 911 1412 praecedentibus
936 1323 1087 1390 adducta
1106 1323 1278 1412 exempla,
1295 1347 1372 1390 non

221 1451 266 1516 ad
284 1449 533 1535 imitationem,
553 1451 613 1516 sed
641 1456 779 1517 tantum
796 1451 840 1516 ad
868 1450 1015 1516 formam
1031 1450 1198 1538 operandi
1217 1449 1372 1516 sufficiat

221 1575 400 1662 inspicere.
418 1575 573 1652 Quilibet
592 1575 702 1662 igitur
724 1597 787 1663 pro
807 1598 868 1642 suo
888 1576 958 1641 otio
978 1583 1013 1641 et
1041 1575 1284 1641 commoditate
1312 1596 1372 1641 eo-

159 1708 200 1770 10
222 1701 299 1766 dem
318 1700 438 1766 ordine
468 1701 589 1766 melius
609 1701 664 1766 vel
688 1701 838 1767 deterius
865 1701 1074 1789 operabitur.
1095 1700 1199 1778 Quod
1224 1723 1306 1766 vero
1324 1701 1372 1766 ad

222 1833 340 1892 nostra
370 1826 526 1913 exempla
550 1826 691 1910 attinet,
712 1849 751 1892 ea
770 1827 871 1892 nobis
891 1835 896 1913 1
918 1850 1031 1893 crassa
1049 1835 1083 1892 et
1102 1827 1236 1892 inculta
1255 1826 1372 1892 videri
1399 1827 1530 1892 1271

222 1953 393 2035 volumno,
414 1960 453 2018 ut
474 1959 604 2038 quanto
624 1952 795 2018 solertiori
819 1959 853 2018 et
872 1952 1010 2017 tersiori
1028 1952 1170 2039 ingenio
1195 1974 1233 2017 ea
1254 1951 1374 2017 dimit

222 2076 328 2143 tenda
346 2076 514 2162 iudicent,
534 2084 632 2143 tanto
661 2078 801 2144 meliore
820 2077 1136 2164 vehementiorique
1164 2077 1280 2143 studio
1296 2101 1375 2164 por·

224 2203 380 2291 quirant;
401 2210 435 2268 et
464 2202 529 2269 hoc
551 2210 689 2269 tanturn
714 2203 813 2270 nobis
836 2204 1006 2289 tribuant,
1027 2211 1067 2269 ut
1097 2203 1209 2290 magis
1239 2206 1374 2291 perspi-

159 2337 201 2402 15
226 2332 348 2399 euitati
367 2339 402 2397 et
430 2331 581 2398 claritati
612 2339 725 2398 certae
744 2332 920 2398 doctrinae
952 2329 1239 2414 consuluerimus,
1265 2353 1373 2416 qnam

224 2458 365 2525 candori
384 2464 437 2543 (ut
461 2457 553 2544 apud
573 2457 738 2542 quosdam
758 2457 862 2524 moris
891 2464 955 2540 est)
974 2456 1154 2522 inutilium
1184 2463 1218 2520 at
1239 2456 1373 2521 nullius

224 2584 336 2670 frugis
357 2583 605 2671 exemplorum,
626 2606 806 2669 quaecum
825 2581 977 2670 perbelle
999 2581 1210 2665 candideque
1230 2587 1266 2645 et
1290 2603 1373 2646 con·

227 2711 327 2775 oinne
357 2715 555 2797 personent,
588 2708 683 2774 intus
712 2708 830 2774 inania
860 2708 1000 2795 penitus
1029 2706 1247 2773 intuentibus
1275 2704 1374 2772 inve-

227 2836 379 2901 niantur.

708 3118 806 3182 OAP.
841 3118 887 3182 X.

460 3264 611 3313 alphabetum
623 3264 806 3303 constituendum
819 3275 846 3303 cx
861 3263 965 3303 torrulnls
980 3263 1139 3311 gonoralibne,

555 3337 593 3385 qui
608 3336 696 3375 faciunt
708 3334 737 3373 ud
753 3335 902 3374 substantiam
918 3335 1036 3374 orationis.

315 3575 406 3640 Sunt
425 3574 536 3639 adhuc
555 3573 714 3640 nonnulli
733 3571 887 3654 termini,
905 3572 1081 3657 inquibus
1101 3572 1197 3638 velut
1213 3595 1376 3639 sermone

226 3704 400 3769 abundare
439 3710 472 3767 ct
508 3703 675 3767 varietate
704 3701 840 3787 placore
868 3721 1057 3786 possumus.
1089 3700 1132 3764 In
1162 3699 1256 3764 omni
1287 3722 1374 3786 ergo

159 3835 202 3899 ‘25
227 3827 395 3910 oratione,
414 3827 664 3911 culiuscunque
684 3824 819 3911 generis
836 3823 896 3888 illa
916 3823 973 3903 sit,
992 3832 1044 3888 est
1063 3828 1089 3889 1.
1109 3832 1141 3890 τὸ
1161 3846 1374 3911 proponere,
1404 3822 1530 3891 1281

225 3958 254 4018 2.
286 3976 447 4029 asserere,
479 3955 508 4015 3.
537 3950 784 4036 argumentari,
809 3951 839 4013 4.
864 3949 1082 4035 respondere,
1114 3952 1144 4014 b.
1172 3948 1375 4031 confutare,

226 4082 254 4144 ss.
285 4078 498 4160 confirmare,
523 4078 551 4141 7.
585 4077 771 4164 applicare,
796 4077 826 4140 8.
858 4075 1076 4162 persuadere,
1099 4077 1129 4139 9.
1155 4073 1374 4161 dissuadere,

318 4407 329 4452 1
349 4375 532 4466 synedochen
548 4401 598 4451 l'd
660 4405 676 4451 ‘3
693 4403 737 4450 vel
752 4411 827 4466 (por)
845 4410 998 4466 utriunque
1012 4400 1036 4450 G
1100 4404 1116 4451 o
1133 4403 1204 4452 artis
1219 4402 1256 4452 G:
1271 4409 1336 4454 arte
1350 4405 1379 4454 F

224 4489 253 4536 10
271 4482 362 4551 nreplio
377 4482 547 4533 dexterius?
609 4485 638 4531 ll
656 4483 740 4532 nobis
752 4485 789 4533 F:
803 4483 867 4532 aliis
884 4483 907 4532 d
972 4484 1001 4531 12
1018 4483 1132 4548 ‹luando
1146 4481 1196 4531 ΡΘ
