3390 5122
230 372 271 436 m
671 389 808 435 rounam
831 386 933 435 narrar

230 557 388 634 possunt;
406 554 458 613 est
469 549 598 613 etenim
614 556 924 635 temperamentum
939 549 1090 614 mixtura
1107 551 1283 636 quaedam,
1303 573 1373 615 non

230 683 348 739 tamen
367 680 679 760 temperamentum
707 673 880 758 quoddam
904 682 956 739 cst
974 674 1135 741 mixtura.
1158 675 1307 754 Quintus
1328 700 1373 741 au

231 799 322 883 quod
351 821 414 886 pro
444 798 560 885 aliquo
591 798 713 864 horum
741 799 884 886 ponitur
907 800 954 865 sit
983 800 1226 886 aequivocum3
1251 824 1374 865 cancer

231 923 324 988 enim
342 930 382 989 ut
400 924 582 1008 desidere,
602 924 745 990 animali
764 933 799 990 et
823 924 943 991 morbo
959 925 1102 1009 dicitur,
1122 949 1234 1011 neque
1252 949 1373 1012 genus,

186 1056 207 1118 5
230 1071 341 1134 neque
360 1048 571 1136 protprium,
591 1071 702 1134 neque
721 1049 898 1115 definibile
922 1073 1029 1116 unum
1049 1051 1163 1116 refert.
1184 1050 1309 1117 Sextus
1328 1075 1373 1117 an
1400 1043 1510 1107 ’743
1528 1042 1571 1109 G

230 1174 503 1262 metaphoricum
521 1175 674 1261 positum
693 1181 745 1240 est
770 1198 892 1261 genus,
917 1177 1110 1263 proprium,
1127 1175 1301 1260 definitio;
1321 1179 1374 1242 uti

231 1306 348 1365 tamen
376 1300 419 1365 iis
448 1300 623 1365 interdum
651 1300 746 1383 licet,
775 1309 931 1366 attamen
959 1323 1029 1366 non
1058 1302 1149 1367 sicut
1174 1303 1289 1386 Plato,
1316 1303 1376 1388 qui

230 1425 405 1490 hominem
433 1425 591 1491 definirit
620 1424 793 1491 inversam
819 1425 990 1512 plantam;
1025 1427 1116 1512 quod
1142 1427 1234 1492 enim
1262 1429 1376 1514 poetis

231 1558 283 1618 est
309 1551 502 1639 proprium⁷
528 1575 548 1617 a
566 1551 795 1640 philosophis
815 1574 962 1636 quorum
981 1561 1033 1618 est
1061 1553 1266 1619 abscondita
1284 1575 1378 1618 reve-

165 1682 207 1744 10
229 1678 315 1761 lare,
335 1700 405 1742 non
429 1685 480 1743 est
511 1678 757 1764 usurpandum.
777 1678 894 1743 Licuit
925 1679 1034 1765 igitur
1059 1680 1211 1745 Homero
1230 1666 1376 1745 mortein

230 1803 373 1869 definire
392 1804 496 1868 finem
524 1803 568 1868 ad
598 1826 699 1889 quem
727 1803 803 1868 nati
831 1827 962 1888 sumus,
982 1826 1053 1869 non
1081 1812 1198 1869 autem
1223 1803 1375 1888 alioqui

230 1929 417 1995 secundum
451 1929 502 1994 rei
541 1936 702 1994 naturam
731 1929 873 1994 definire
904 1930 1092 1995 contendit.
1125 1929 1300 2016 Septimus
1328 1953 1374 1994 an

229 2055 266 2120 iu
294 2054 453 2121 omnibus
484 2055 534 2119 ita
565 2078 600 2120 se
629 2054 756 2120 habeat
785 2055 822 2119 in
841 2056 991 2139 actione⁷
1011 2064 1091 2121 actu
1111 2063 1214 2141 atque
1234 2054 1373 2136 effectu,

228 2182 516 2268 quemadmodum
532 2181 570 2246 in
587 2182 732 2266 virtute,
752 2182 909 2270 potentia
928 2189 1031 2268 atquc
1051 2182 1231 2264 facultate,
1251 2182 1372 2268 procul

164 2317 205 2380 15
228 2310 335 2377 dubio
354 2308 474 2374 itidem
493 2309 531 2373 in
556 2331 657 2395 agere
687 2318 722 2376 ct
739 2309 829 2396 pati,
850 2307 1023 2396 eorrumpi
1042 2317 1077 2374 et
1101 2308 1261 2390 dissolvi;
1282 2308 1373 2371 sicut

228 2437 320 2502 enim
339 2435 493 2501 vicissim
513 2444 563 2500 est
580 2442 703 2522 potens
725 2435 857 2520 videre,
878 2435 928 2501 ita
950 2435 1084 2518 ridens,
1106 2436 1166 2520 qui
1189 2434 1297 2516 ridet,
1319 2456 1372 2498 ae-

227 2562 368 2628 dificare
386 2571 439 2627 est
457 2584 571 2648 agere,
586 2562 779 2628 aedificatio
798 2570 850 2628 est
869 2562 970 2627 actio
985 2561 1136 2627 Octavus
1160 2585 1205 2626 an
1224 2561 1371 2626 subiecti

228 2694 392 2753 enatura
411 2694 568 2753 sumatur
586 2710 606 2752 a
622 2709 703 2753 casu
726 2711 847 2774 genus,
867 2688 1048 2775 proprimn
1071 2694 1106 2752 et
1125 2686 1296 2768 definitio,
1316 2686 1373 2750 vcl

228 2814 420 2879 subiectum
439 2814 516 2879 istis
535 2823 660 2879 natura
684 2813 999 2879 deternriuantibus
1016 2836 1037 2877 a
1053 2835 1133 2877 casu
1153 2811 1371 2896 intelligatur

160 2949 205 3011 20
227 2938 399 3004 affectum.
428 2939 548 3004 Nonus
573 2962 618 3004 au
641 2938 929 3025 praedicata,ch
953 2939 1163 3019 subiectum,
1182 2937 1237 3001 rel
1252 2934 1318 3000 hoc
1336 2942 1371 2999 et

227 3063 288 3129 illa
311 3065 383 3129 sint
402 3064 651 3151 corruptibilia.
674 3065 835 3129 Decimus
859 3087 904 3129 au
923 3063 1006 3129 haec
1024 3086 1096 3128 non
1111 3062 1282 3149 simplicia
1299 3061 1371 3126 sint
1395 3061 1467 3123 42
1483 3061 1525 3123 Ρ

227 3210 286 3254 seu
305 3189 510 3276 simpliciter
533 3190 729 3277 capiantur,
751 3190 810 3255 sed
828 3189 926 3254 iuxta
941 3188 1201 3276 compositionis
1221 3187 1371 3252 modum.

225 3314 437 3381 Undecimus
461 3340 506 3381 an
530 3315 571 3381 de
595 3316 749 3382 subiecto
774 3317 865 3402 quod
893 3317 1006 3381 estin
1031 3338 1101 3381 una
1125 3314 1299 3400 categoria
1319 3337 1370 3378 ca-

224 3440 344 3526 piatur
367 3464 477 3527 ganus
500 3443 555 3506 vol
574 3442 753 3528 proprium
779 3441 835 3507 rel
863 3441 1020 3507 definitio
1039 3464 1081 3505 ex
1100 3441 1167 3506 alia
1184 3440 1368 3526 categoria,

159 3579 203 3641 ‘25
226 3573 266 3630 ut
284 3566 328 3630 ab
348 3588 387 3631 co
406 3567 566 3632 effectum
583 3574 649 3652 est,
669 3567 729 3653 qui
741 3567 892 3632 animam
912 3589 1094 3633 numerum
1107 3565 1278 3651 quendam
1298 3589 1370 3630 esse

225 3688 324 3754 dixit.
355 3691 586 3757 Duodecimus
614 3715 660 3757 an
688 3693 897 3780 interempto
931 3692 1131 3781 praedicato
1157 3690 1280 3758 horum
1310 3691 1372 3756 ali·

226 3841 308 3904 quo,
337 3819 485 3907 speciem
520 3843 696 3885 remancre
725 3844 794 3885 non
823 3821 1056 3886 inconveniat.
1081 3816 1384 3884 Decimustertius'

319 4055 568 4105 rmistural'ao
632 4055 834 4119 lsydcrol'l
899 4054 1176 4119 ttmethaphoricum
1202 4054 1248 4102 ΡΑ
1316 4060 1369 4111 ast]

226 4133 294 4182 sita
336 4137 367 4185 10
375 4133 664 4199 Homerouiriserirt
675 4135 820 4185 alscnario
833 4131 888 4201 ἔχε’.
903 4133 1040 4202 τελευτήν,
1056 4127 1141 4203 ἧσπερ
1157 4129 1242 4183 οὕνεκ’
1257 4131 1370 4200 ἐγένετο,

226 4213 269 4261 cte
281 4215 346 4261 sara
364 4221 432 4264 stato
449 4222 648 4266 erroneumrute
664 4217 771 4265 creduto
789 4216 914 4276 oviarico,
930 4214 1029 4280 pcrrlrd
1045 4214 1186 4264 Aristotele
1203 4214 1299 4278 (Phys.
1318 4214 1370 4263 Ba.

228 4295 289 4341 194⁴
302 4296 348 4358 30)
363 4296 499 4345 citaadolo
515 4297 573 4346 dice
590 4295 603 4345 o
619 4295 736 4365 ποιητής
753 4314 830 4345 soarza
847 4297 926 4346 altro.
948 4298 989 4359 (ff.
1009 4293 1176 4360 Simplicior
1193 4294 1326 4358 Filopouo
1342 4295 1372 4341 a!

227 4372 420 4424 ludlrlrisl.
470 4378 742 4441 llaliicorrcppetl
792 4376 1148 4438 mealoathegorial’l
1197 4376 1298 4438 ‘liaqep
1318 4377 1371 4425 Dc·

227 4453 725 4522 olmustcrtius-Decirnusqnartns
737 4464 782 4507 cre.
798 4459 863 4506 Ao:
879 4456 1063 4508 XIII-XIV
1073 4463 1117 4506 etc.
1136 4457 1160 4505 l'
