3390 5122
574 427 617 470 DE
637 426 794 470 LAMPADE
816 421 1014 469 VENATORIA.

564 726 697 792 Aonii
730 721 1021 789 AOOIDENTIS.

783 904 813 912 »—

674 1111 701 1174 1.
726 1110 914 1174 Mnnnsvn.

309 1323 383 1388 Iam
403 1345 445 1386 ex
461 1321 551 1387 atrio
562 1344 625 1409 per
636 1326 772 1408 portam
791 1321 881 1407 septi
901 1320 938 1385 in
950 1342 1072 1405 agrum
1086 1318 1364 1406 accidentispro·

221 1447 341 1513 deunti
366 1446 515 1513 occurrit
535 1445 577 1512 ad
601 1446 756 1511 dextram
779 1445 892 1533 primo
916 1468 1032 1510 carum
1056 1445 1231 1511 rationum
1249 1468 1366 1512 nume-

177 1573 198 1636 5
220 1596 292 1656 rus,
313 1573 439 1658 quibus
458 1570 590 1658 aliquid
602 1569 844 1636 accidensesse
863 1570 1045 1636 iudicatur.
1064 1570 1181 1636 Primo
1199 1570 1364 1637 videlicet

223 1698 305 1785 quia
321 1721 432 1784 neque
458 1721 567 1784 genus
593 1719 704 1782 neque
728 1696 870 1783 species,
890 1719 1001 1783 neque
1028 1697 1228 1784 protprium
1254 1719 1365 1782 neque
1390 1695 1497 1760 749
1514 1696 1555 1763 G

220 1823 432 1907 differentia,
452 1831 487 1889 et
516 1823 558 1888 de
578 1822 694 1907 aliquo
713 1830 829 1888 temen
855 1821 1084 1908 praedicatur.
1105 1821 1261 1887 Secundo
1281 1823 1363 1908 quie

221 1976 241 2019 a
264 1951 461 2018 substantie
491 1950 695 2038 separabile,
716 1956 751 2015 et
774 1957 890 2016 tamen
917 1949 991 2015 sine
1021 1949 1217 2015 substantie
1239 1950 1362 2036 nequit

220 2100 304 2161 esse;
323 2100 385 2164 per
405 2076 502 2143 illam
522 2076 650 2141 etenim
669 2075 876 2141 retinentem
897 2075 1070 2159 consistit,
1096 2075 1264 2140 66166116
1284 2077 1363 2141 sub-

155 2214 198 2276 10
220 2203 364 2269 sistendi
380 2203 469 2268 ratio
488 2208 603 2290 potest
631 2201 826 2269 convenire.
852 2200 969 2266 Tertio
989 2200 1070 2286 quia
1101 2201 1138 2265 in
1168 2201 1363 2267 substantia

221 2352 299 2395 cum
326 2328 372 2395 sit
399 2329 487 2416 ipse,
511 2335 628 2394 tamen
657 2335 709 2394 est
734 2334 889 2414 tempore
913 2326 1093 2414 posterius.
1123 2325 1255 2404 Quarto
1283 2327 1364 2412 quia

221 2454 315 2520 aliud
327 2477 347 2521 6
359 2478 420 2521 sua
438 2455 547 2542 ipsius
566 2461 690 2520 natura
703 2454 895 2521 subiectum
911 2453 1025 2519 habet.
1040 2453 1170 2531 Quinto
1183 2452 1265 2538 quia
1285 2475 1363 2518 cnm

220 2603 292 2646 esse
310 2603 439 2646 novum
457 2581 597 2663 hebeat,
614 2603 684 2646 non
703 2587 820 2646 tamen
839 2579 915 2645 ideo
931 2579 1090 2665 generari
1109 2577 1262 2644 crearive
1281 2577 1364 2643 dici-

220 2712 291 2789 tur,
311 2705 370 2770 sed
389 2706 626 2792 congenerari3
644 2705 934 2793 congenitumque
949 2703 1042 2771 haud
1058 2703 1198 2791 quidem
1217 2726 1290 2769 esse
1306 2705 1362 2769 vel

154 2837 195 2898 ln
218 2829 393 2914 exsistere,
413 2830 472 2895 sed
491 2830 603 2896 inesse
619 2830 746 2897 dicitur
765 2839 799 2896 et
819 2830 1014 2897 consistere.
1033 2829 1137 2895 Sexto
1153 2829 1236 2914 quia
1252 2835 1304 2895 est
1324 2828 1361 2892 16

220 2955 415 3021 substantie
433 2978 504 3021 non
532 2966 572 3024 ut
597 2980 677 3043 pars
696 2957 733 3022 in
752 2963 835 3022 toto.
863 2956 1017 3044 Septimo
1046 2955 1224 3041 quiscum
1253 2955 1299 3020 sit
1322 2964 1362 3020 ut

219 3079 362 3165 alicubi,
381 3102 452 3146 non
472 3090 588 3148 tomen
608 3090 659 3149 est
677 3089 717 3147 ut
735 3083 772 3147 in
791 3082 867 3148 loco
885 3083 1046 3149 locatum.
1062 3081 1192 3147 Octavo
1213 3079 1293 3165 quia
1309 3086 1362 3145 est

219 3205 256 3270 in
275 3205 343 3272 alio
358 3228 378 3270 a
396 3206 591 3273 substantia
603 3207 896 3294 praedicamento,
908 3214 1085 3294 tamquam
1100 3207 1230 3295 species
1245 3205 1362 3272 subon

216 3329 419 3396 dinatumve
445 3355 563 3418 genus.
584 3332 684 3400 Nono
713 3333 795 3419 quia
824 3333 867 3399 ad
885 3333 1017 3399 nullam
1045 3332 1259 3399 substantiae
1287 3355 1359 3419 spe·

150 3463 195 3527 ‘20
218 3455 305 3520 ciem
332 3457 494 3543 pertinet.
521 3457 663 3524 Decimo
693 3459 774 3545 quia
794 3459 939 3546 suscipit
965 3458 1076 3545 magis
1101 3465 1205 3544 atque
1233 3457 1358 3524 minus.

217 3580 409 3648 Undecimo
432 3584 513 3669 quia
543 3583 595 3650 illi
623 3591 675 3649 est
705 3585 837 3672 aliquid
863 3585 1083 3652 contrarium.
1114 3585 1118 3674 Ι
1148 3584 1358 3651 Duodecimo
1386 3596 1456 3660 50
1470 3598 1517 3660 Ρ

217 3707 299 3792 quin
317 3729 440 3795 genus,
458 3709 550 3795 quod
566 3709 607 3774 (16
626 3710 701 3796 ipso
716 3711 948 3798 quidditative
962 3711 1103 3796 dicitur,
1120 3717 1172 3777 est
1188 3711 1357 3778 accidens.

217 3832 465 3900 Decimotertio
476 3834 556 3920 qnia
572 3834 614 3899 (16
633 3836 759 3920 quibus
773 3835 888 3923 ipsum
907 3836 1138 3922 quitiditative
1151 3836 1293 3921 dicitur,
1306 3860 1358 3902 ac·

218 3957 369 4024 sidentia
382 3965 471 4025 sunt.
485 3960 752 4046 Decimoquarto
766 3962 1358 4051 661616166066161661161666161-

311 4167 328 4214 6
342 4171 504 4233 proprium,
523 4184 616 4234 neque
632 4167 684 4219 Ao
747 4171 832 4234 isqq.
851 4171 881 4222 in
897 4169 958 4221 tutti
973 4170 984 4221 i
1002 4168 1113 4234 capitoli
1129 4171 1267 4237 (161ἰί1966
1283 4168 1358 4222 Acci-

216 4245 314 4307 dentis,
330 4247 472 4315 dell’chr
482 4249 615 4301 (1666νὶ66
627 4250 769 4317 dell'chr
782 4249 1104 4316 propriicostantemente
1115 4254 1280 4303 Secundo-
1291 4254 1359 4304 Ter·

216 4328 258 4377 tio
272 4333 328 4388 (16,
344 4345 439 4379 ovvero
451 4331 758 4383 Secundus-Tertius
767 4338 823 4392 ecc,
838 4348 933 4382 osvero
944 4333 1216 4384 Secunde-Tertia
1229 4340 1274 4385 ccc.
1289 4333 1358 4384 AG:

216 4408 451 4461 2-3-4etc.P
513 4410 725 4463 13creativeA
792 4415 822 4463 15
838 4428 874 4464 ox
891 4413 995 4466 sistere
1011 4414 1037 4463 Ρ
1100 4416 1132 4466 18
1148 4421 1283 4480 tanquam
1306 4414 1358 4467 Ao

216 4489 247 4540 21
264 4489 439 4542 Duodecimo
453 4490 476 4540 A
491 4492 788 4545 :DecimosecundoG
851 4496 883 4546 22
895 4512 908 4545 e
921 4496 953 4545 23
969 4490 1141 4562 quiditativt
1154 4496 1205 4546 ΡΑ
