<?xml version="1.0" encoding="UTF-8"?>
<!DOCTYPE html PUBLIC "-//W3C//DTD XHTML 1.0 Transitional//EN"
    "http://www.w3.org/TR/xhtml1/DTD/xhtml1-transitional.dtd">
<html xmlns="http://www.w3.org/1999/xhtml" xml:lang="en" lang="en">
 <head>
  <title>
</title>
<meta http-equiv="Content-Type" content="text/html;charset=utf-8" />
  <meta name='ocr-system' content='tesseract 3.04.00' />
  <meta name='ocr-capabilities' content='ocr_page ocr_carea ocr_par ocr_line ocrx_word'/>
</head>
<body>
  <div class='ocr_page' id='page_1' title='image "./jordanibruninol00brungoog_0284.png"; bbox 0 0 3390 5122; ppageno 0'>
   <div class='ocr_carea' id='block_1_1' title="bbox 542 419 1390 496">
    <p class='ocr_par' dir='ltr' id='par_1_1' title="bbox 542 419 1390 496">
     <span class='ocr_line' id='line_1_1' title="bbox 542 419 1390 496; baseline 0 -20"><span class='ocrx_word' id='word_1_1' title='bbox 542 433 586 477; x_wconf 82' lang='lat' dir='ltr'>ou</span> <span class='ocrx_word' id='word_1_2' title='bbox 606 433 847 479; x_wconf 78' lang='lat' dir='ltr'>connosrmonn</span> <span class='ocrx_word' id='word_1_3' title='bbox 868 433 1052 496; x_wconf 66' lang='lat' dir='ltr'>inroravit,</span> <span class='ocrx_word' id='word_1_4' title='bbox 1074 434 1108 478; x_wconf 87' lang='lat'>11.</span> <span class='ocrx_word' id='word_1_5' title='bbox 1332 419 1390 476; x_wconf 75' lang='grc'>269</span> 
     </span>
    </p>
   </div>
   <div class='ocr_carea' id='block_1_2' title="bbox 690 724 967 792">
    <p class='ocr_par' dir='ltr' id='par_1_2' title="bbox 690 724 967 792">
     <span class='ocr_line' id='line_1_2' title="bbox 690 724 967 792; baseline 0.007 -3"><span class='ocrx_word' id='word_1_6' title='bbox 690 724 841 792; x_wconf 75' lang='lat' dir='ltr'>oAva</span> <span class='ocrx_word' id='word_1_7' title='bbox 869 725 967 791; x_wconf 88' lang='lat' dir='ltr'>XIV.</span> 
     </span>
    </p>
   </div>
   <div class='ocr_carea' id='block_1_3' title="bbox 704 871 940 922">
    <p class='ocr_par' dir='ltr' id='par_1_3' title="bbox 704 871 940 922">
     <span class='ocr_line' id='line_1_3' title="bbox 704 871 940 922; baseline 0.004 -11"><span class='ocrx_word' id='word_1_8' title='bbox 704 871 801 911; x_wconf 71' lang='lat' dir='ltr'>Telluris</span> <span class='ocrx_word' id='word_1_9' title='bbox 821 871 940 922; x_wconf 69' lang='lat' dir='ltr'>imagines.</span> 
     </span>
    </p>
   </div>
   <div class='ocr_carea' id='block_1_4' title="bbox 339 1058 1388 1159">
    <p class='ocr_par' dir='ltr' id='par_1_4' title="bbox 339 1058 1388 1159">
     <span class='ocr_line' id='line_1_4' title="bbox 339 1058 1388 1159; baseline 0.001 -35"><span class='ocrx_word' id='word_1_10' title='bbox 339 1059 499 1126; x_wconf 82' lang='lat' dir='ltr'>Occurrit</span> <span class='ocrx_word' id='word_1_11' title='bbox 523 1058 634 1146; x_wconf 90' lang='lat' dir='ltr'>primo</span> <span class='ocrx_word' id='word_1_12' title='bbox 661 1058 783 1145; x_wconf 85' lang='lat' dir='ltr'>ingens</span> <span class='ocrx_word' id='word_1_13' title='bbox 812 1058 965 1144; x_wconf 87' lang='lat' dir='ltr'>undique</span> <span class='ocrx_word' id='word_1_14' title='bbox 984 1060 1158 1159; x_wconf 85' lang='lat' dir='ltr'>oculatum</span> <span class='ocrx_word' id='word_1_15' title='bbox 1182 1065 1388 1142; x_wconf 86' lang='lat' dir='ltr'>monstrum,</span> 
     </span>
    </p>
   </div>
   <div class='ocr_carea' id='block_1_5' title="bbox 174 1183 1392 4159">
    <p class='ocr_par' dir='ltr' id='par_1_5' title="bbox 249 1183 1392 1272">
     <span class='ocr_line' id='line_1_5' title="bbox 249 1183 1392 1272; baseline -0.001 -22"><span class='ocrx_word' id='word_1_16' title='bbox 249 1185 394 1270; x_wconf 90' lang='lat' dir='ltr'>ideoque</span> <span class='ocrx_word' id='word_1_17' title='bbox 406 1185 546 1270; x_wconf 82' lang='lat' dir='ltr'>nudum,</span> <span class='ocrx_word' id='word_1_18' title='bbox 565 1184 719 1251; x_wconf 88' lang='lat' dir='ltr'>caeruleo</span> <span class='ocrx_word' id='word_1_19' title='bbox 734 1184 846 1250; x_wconf 90' lang='lat' dir='ltr'>colore</span> <span class='ocrx_word' id='word_1_20' title='bbox 856 1189 890 1249; x_wconf 86' lang='lat' dir='ltr'>et</span> <span class='ocrx_word' id='word_1_21' title='bbox 901 1183 1000 1270; x_wconf 82' lang='lat' dir='ltr'>quasi</span> <span class='ocrx_word' id='word_1_22' title='bbox 1016 1183 1244 1270; x_wconf 86' lang='lat' dir='ltr'>hyacinthina</span> <span class='ocrx_word' id='word_1_23' title='bbox 1259 1185 1392 1272; x_wconf 84' lang='lat' dir='ltr'>perspi-</span> 
     </span>
    </p>

    <p class='ocr_par' dir='ltr' id='par_1_6' title="bbox 204 1308 1391 1398">
     <span class='ocr_line' id='line_1_6' title="bbox 204 1308 1391 1398; baseline 0.003 -27"><span class='ocrx_word' id='word_1_24' title='bbox 204 1308 225 1371; x_wconf 84' lang='lat'>5</span> <span class='ocrx_word' id='word_1_25' title='bbox 250 1309 377 1376; x_wconf 88' lang='lat' dir='ltr'>cuitate</span> <span class='ocrx_word' id='word_1_26' title='bbox 396 1310 564 1398; x_wconf 87' lang='lat' dir='ltr'>effulgens</span> <span class='ocrx_word' id='word_1_27' title='bbox 583 1318 617 1376; x_wconf 86' lang='lat' dir='ltr'>et</span> <span class='ocrx_word' id='word_1_28' title='bbox 636 1310 895 1375; x_wconf 83' lang='lat' dir='ltr'>flammantibus</span> <span class='ocrx_word' id='word_1_29' title='bbox 913 1309 1010 1375; x_wconf 90' lang='lat' dir='ltr'>velut</span> <span class='ocrx_word' id='word_1_30' title='bbox 1029 1332 1113 1375; x_wconf 87' lang='lat' dir='ltr'>auro</span> <span class='ocrx_word' id='word_1_31' title='bbox 1137 1310 1252 1376; x_wconf 90' lang='lat' dir='ltr'>oculos</span> <span class='ocrx_word' id='word_1_32' title='bbox 1272 1311 1309 1375; x_wconf 92' lang='lat' dir='ltr'>in</span> <span class='ocrx_word' id='word_1_33' title='bbox 1328 1334 1391 1397; x_wconf 84' lang='lat' dir='ltr'>gy-</span> 
     </span>
    </p>

    <p class='ocr_par' dir='ltr' id='par_1_7' title="bbox 248 1434 1389 1523">
     <span class='ocr_line' id='line_1_7' title="bbox 248 1434 1389 1523; baseline -0.001 -22"><span class='ocrx_word' id='word_1_34' title='bbox 248 1459 325 1502; x_wconf 89' lang='lat' dir='ltr'>rum</span> <span class='ocrx_word' id='word_1_35' title='bbox 349 1436 569 1522; x_wconf 72' lang='lat' dir='ltr'>cingentibus</span> <span class='ocrx_word' id='word_1_36' title='bbox 593 1434 798 1523; x_wconf 80' lang='lat' dir='ltr'>superciliis,</span> <span class='ocrx_word' id='word_1_37' title='bbox 825 1435 958 1501; x_wconf 88' lang='lat' dir='ltr'>lumina</span> <span class='ocrx_word' id='word_1_38' title='bbox 988 1434 1030 1500; x_wconf 92' lang='lat' dir='ltr'>de</span> <span class='ocrx_word' id='word_1_39' title='bbox 1060 1435 1172 1502; x_wconf 90' lang='lat' dir='ltr'>medio</span> <span class='ocrx_word' id='word_1_40' title='bbox 1196 1435 1389 1502; x_wconf 77' lang='lat' dir='ltr'>scintillant</span> 
     </span>
    </p>

    <p class='ocr_par' dir='ltr' id='par_1_8' title="bbox 248 1560 1389 1649">
     <span class='ocr_line' id='line_1_8' title="bbox 248 1560 1389 1649; baseline 0.001 -23"><span class='ocrx_word' id='word_1_41' title='bbox 248 1562 330 1627; x_wconf 93' lang='lat' dir='ltr'>orbe</span> <span class='ocrx_word' id='word_1_42' title='bbox 358 1561 452 1628; x_wconf 90' lang='lat' dir='ltr'>mire.</span> <span class='ocrx_word' id='word_1_43' title='bbox 472 1561 630 1649; x_wconf 82' lang='lat' dir='ltr'>Ingentis</span> <span class='ocrx_word' id='word_1_44' title='bbox 655 1560 742 1627; x_wconf 87' lang='lat' dir='ltr'>illud</span> <span class='ocrx_word' id='word_1_45' title='bbox 770 1560 1023 1647; x_wconf 85' lang='lat' dir='ltr'>magnitudinis</span> <span class='ocrx_word' id='word_1_46' title='bbox 1052 1583 1129 1627; x_wconf 92' lang='lat' dir='ltr'>cum</span> <span class='ocrx_word' id='word_1_47' title='bbox 1158 1561 1216 1645; x_wconf 86' lang='lat' dir='ltr'>sit,</span> <span class='ocrx_word' id='word_1_48' title='bbox 1242 1561 1389 1628; x_wconf 86' lang='lat' dir='ltr'>informe</span> 
     </span>
    </p>

    <p class='ocr_par' dir='ltr' id='par_1_9' title="bbox 247 1686 1388 1774">
     <span class='ocr_line' id='line_1_9' title="bbox 247 1686 1388 1774; baseline 0 -22"><span class='ocrx_word' id='word_1_49' title='bbox 247 1686 385 1753; x_wconf 88' lang='lat' dir='ltr'>videtur</span> <span class='ocrx_word' id='word_1_50' title='bbox 403 1710 445 1752; x_wconf 85' lang='lat' dir='ltr'>ex</span> <span class='ocrx_word' id='word_1_51' title='bbox 463 1693 537 1753; x_wconf 87' lang='lat' dir='ltr'>toto</span> <span class='ocrx_word' id='word_1_52' title='bbox 558 1686 731 1773; x_wconf 82' lang='lat' dir='ltr'>quiddam.</span> <span class='ocrx_word' id='word_1_53' title='bbox 749 1686 834 1752; x_wconf 88' lang='lat' dir='ltr'>Eius</span> <span class='ocrx_word' id='word_1_54' title='bbox 853 1693 970 1751; x_wconf 87' lang='lat' dir='ltr'>tamen</span> <span class='ocrx_word' id='word_1_55' title='bbox 991 1686 1082 1770; x_wconf 92' lang='lat' dir='ltr'>quod</span> <span class='ocrx_word' id='word_1_56' title='bbox 1101 1687 1139 1752; x_wconf 92' lang='lat' dir='ltr'>in</span> <span class='ocrx_word' id='word_1_57' title='bbox 1158 1686 1238 1753; x_wconf 90' lang='lat' dir='ltr'>sinu</span> <span class='ocrx_word' id='word_1_58' title='bbox 1261 1694 1314 1752; x_wconf 83' lang='lat' dir='ltr'>est</span> <span class='ocrx_word' id='word_1_59' title='bbox 1331 1710 1388 1774; x_wconf 86' lang='lat' dir='ltr'>ge-</span> 
     </span>
    </p>

    <p class='ocr_par' dir='ltr' id='par_1_10' title="bbox 247 1810 1388 1900">
     <span class='ocr_line' id='line_1_10' title="bbox 247 1810 1388 1900; baseline 0 -23"><span class='ocrx_word' id='word_1_60' title='bbox 247 1827 380 1878; x_wconf 84' lang='lat' dir='ltr'>stamen</span> <span class='ocrx_word' id='word_1_61' title='bbox 400 1811 501 1877; x_wconf 83' lang='lat' dir='ltr'>facile</span> <span class='ocrx_word' id='word_1_62' title='bbox 519 1813 739 1900; x_wconf 88' lang='lat' dir='ltr'>perspicuum</span> <span class='ocrx_word' id='word_1_63' title='bbox 758 1810 889 1877; x_wconf 86' lang='lat' dir='ltr'>animal</span> <span class='ocrx_word' id='word_1_64' title='bbox 907 1818 960 1877; x_wconf 90' lang='lat' dir='ltr'>est</span> <span class='ocrx_word' id='word_1_65' title='bbox 975 1812 1168 1897; x_wconf 79' lang='lat' dir='ltr'>globosum,</span> <span class='ocrx_word' id='word_1_66' title='bbox 1188 1812 1280 1897; x_wconf 88' lang='lat' dir='ltr'>quod</span> <span class='ocrx_word' id='word_1_67' title='bbox 1299 1813 1388 1899; x_wconf 90' lang='lat' dir='ltr'>pelle</span> 
     </span>
    </p>

    <p class='ocr_par' dir='ltr' id='par_1_11' title="bbox 184 1937 1388 2024">
     <span class='ocr_line' id='line_1_11' title="bbox 184 1937 1388 2024; baseline -0.001 -20"><span class='ocrx_word' id='word_1_68' title='bbox 184 1948 225 2010; x_wconf 91' lang='lat'>10</span> <span class='ocrx_word' id='word_1_69' title='bbox 247 1938 354 2004; x_wconf 89' lang='lat' dir='ltr'>veluti</span> <span class='ocrx_word' id='word_1_70' title='bbox 374 1937 526 2024; x_wconf 87' lang='lat' dir='ltr'>pardalis</span> <span class='ocrx_word' id='word_1_71' title='bbox 546 1943 597 2003; x_wconf 88' lang='lat' dir='ltr'>est</span> <span class='ocrx_word' id='word_1_72' title='bbox 615 1938 710 2004; x_wconf 88' lang='lat' dir='ltr'>varie</span> <span class='ocrx_word' id='word_1_73' title='bbox 723 1938 896 2003; x_wconf 86' lang='lat' dir='ltr'>maculata</span> <span class='ocrx_word' id='word_1_74' title='bbox 910 1937 1178 2003; x_wconf 86' lang='lat' dir='ltr'>circumtectum.</span> <span class='ocrx_word' id='word_1_75' title='bbox 1200 1937 1306 2003; x_wconf 84' lang='lat' dir='ltr'>Cuius</span> <span class='ocrx_word' id='word_1_76' title='bbox 1325 1939 1388 2003; x_wconf 85' lang='lat' dir='ltr'>eli·</span> 
     </span>
    </p>

    <p class='ocr_par' dir='ltr' id='par_1_12' title="bbox 246 2062 1388 2276">
     <span class='ocr_line' id='line_1_12' title="bbox 247 2062 1388 2150; baseline 0.001 -23"><span class='ocrx_word' id='word_1_77' title='bbox 247 2064 326 2128; x_wconf 91' lang='lat' dir='ltr'>cubi</span> <span class='ocrx_word' id='word_1_78' title='bbox 356 2063 420 2150; x_wconf 90' lang='lat' dir='ltr'>pili</span> <span class='ocrx_word' id='word_1_79' title='bbox 448 2085 542 2129; x_wconf 91' lang='lat' dir='ltr'>more</span> <span class='ocrx_word' id='word_1_80' title='bbox 573 2062 784 2128; x_wconf 89' lang='lat' dir='ltr'>comantium</span> <span class='ocrx_word' id='word_1_81' title='bbox 814 2063 991 2149; x_wconf 87' lang='lat' dir='ltr'>sylvarum</span> <span class='ocrx_word' id='word_1_82' title='bbox 1024 2069 1223 2148; x_wconf 82' lang='lat' dir='ltr'>assurgunt,</span> <span class='ocrx_word' id='word_1_83' title='bbox 1255 2062 1388 2150; x_wconf 91' lang='lat' dir='ltr'>reliqua</span> 
     </span>
     <span class='ocr_line' id='line_1_13' title="bbox 246 2186 1342 2276; baseline -0.002 -22"><span class='ocrx_word' id='word_1_84' title='bbox 246 2211 326 2254; x_wconf 87' lang='lat' dir='ltr'>vcro</span> <span class='ocrx_word' id='word_1_85' title='bbox 347 2189 498 2276; x_wconf 90' lang='lat' dir='ltr'>corporis</span> <span class='ocrx_word' id='word_1_86' title='bbox 516 2196 616 2275; x_wconf 88' lang='lat' dir='ltr'>parte</span> <span class='ocrx_word' id='word_1_87' title='bbox 635 2187 740 2253; x_wconf 87' lang='lat' dir='ltr'>maris</span> <span class='ocrx_word' id='word_1_88' title='bbox 759 2187 803 2253; x_wconf 84' lang='lat' dir='ltr'>ad</span> <span class='ocrx_word' id='word_1_89' title='bbox 822 2187 904 2253; x_wconf 90' lang='lat' dir='ltr'>solis</span> <span class='ocrx_word' id='word_1_90' title='bbox 923 2186 1139 2274; x_wconf 89' lang='lat' dir='ltr'>splendorem</span> <span class='ocrx_word' id='word_1_91' title='bbox 1162 2186 1342 2253; x_wconf 86' lang='lat' dir='ltr'>radiantis.</span> 
     </span>
    </p>

    <p class='ocr_par' dir='ltr' id='par_1_13' title="bbox 334 2311 1386 2399">
     <span class='ocr_line' id='line_1_14' title="bbox 334 2311 1386 2399; baseline 0.003 -25"><span class='ocrx_word' id='word_1_92' title='bbox 334 2327 351 2374; x_wconf 74' lang='lat' dir='ltr'>tl</span> <span class='ocrx_word' id='word_1_93' title='bbox 379 2312 535 2379; x_wconf 85' lang='lat' dir='ltr'>Secundo</span> <span class='ocrx_word' id='word_1_94' title='bbox 559 2312 765 2378; x_wconf 85' lang='lat' dir='ltr'>inradiantis</span> <span class='ocrx_word' id='word_1_95' title='bbox 793 2312 967 2398; x_wconf 90' lang='lat' dir='ltr'>Apollinis</span> <span class='ocrx_word' id='word_1_96' title='bbox 992 2311 1166 2396; x_wconf 79' lang='lat' dir='ltr'>maiestas,</span> <span class='ocrx_word' id='word_1_97' title='bbox 1188 2334 1255 2399; x_wconf 91' lang='lat' dir='ltr'>quo</span> <span class='ocrx_word' id='word_1_98' title='bbox 1274 2335 1386 2399; x_wconf 88' lang='lat' dir='ltr'>perso-</span> 
     </span>
    </p>

    <p class='ocr_par' dir='ltr' id='par_1_14' title="bbox 245 2436 1388 2524">
     <span class='ocr_line' id='line_1_15' title="bbox 245 2436 1388 2524; baseline 0 -21"><span class='ocrx_word' id='word_1_99' title='bbox 245 2446 350 2504; x_wconf 88' lang='lat' dir='ltr'>nante</span> <span class='ocrx_word' id='word_1_100' title='bbox 372 2439 484 2524; x_wconf 87' lang='lat' dir='ltr'>lyram</span> <span class='ocrx_word' id='word_1_101' title='bbox 506 2438 623 2504; x_wconf 91' lang='lat' dir='ltr'>variae</span> <span class='ocrx_word' id='word_1_102' title='bbox 640 2437 811 2504; x_wconf 88' lang='lat' dir='ltr'>consimili</span> <span class='ocrx_word' id='word_1_103' title='bbox 826 2436 1086 2524; x_wconf 86' lang='lat' dir='ltr'>pulchritudine</span> <span class='ocrx_word' id='word_1_104' title='bbox 1108 2437 1220 2503; x_wconf 87' lang='lat' dir='ltr'>clarae</span> <span class='ocrx_word' id='word_1_105' title='bbox 1244 2438 1388 2504; x_wconf 88' lang='lat' dir='ltr'>circum·</span> 
     </span>
    </p>

    <p class='ocr_par' dir='ltr' id='par_1_15' title="bbox 181 2562 1387 2652">
     <span class='ocr_line' id='line_1_16' title="bbox 181 2562 1387 2652; baseline -0.001 -22"><span class='ocrx_word' id='word_1_106' title='bbox 181 2578 222 2642; x_wconf 80' lang='lat'>15</span> <span class='ocrx_word' id='word_1_107' title='bbox 245 2572 388 2631; x_wconf 86' lang='lat' dir='ltr'>currunt</span> <span class='ocrx_word' id='word_1_108' title='bbox 417 2564 605 2652; x_wconf 82' lang='lat' dir='ltr'>nymphae,</span> <span class='ocrx_word' id='word_1_109' title='bbox 630 2562 775 2650; x_wconf 84' lang='lat' dir='ltr'>quarum</span> <span class='ocrx_word' id='word_1_110' title='bbox 806 2562 959 2628; x_wconf 91' lang='lat' dir='ltr'>omnium</span> <span class='ocrx_word' id='word_1_111' title='bbox 988 2585 1093 2628; x_wconf 91' lang='lat' dir='ltr'>unam</span> <span class='ocrx_word' id='word_1_112' title='bbox 1122 2563 1277 2630; x_wconf 85' lang='lat' dir='ltr'>cominus</span> <span class='ocrx_word' id='word_1_113' title='bbox 1305 2563 1387 2630; x_wconf 87' lang='lat' dir='ltr'>licet</span> 
     </span>
    </p>

    <p class='ocr_par' dir='ltr' id='par_1_16' title="bbox 246 2687 1385 2777">
     <span class='ocr_line' id='line_1_17' title="bbox 246 2687 1385 2777; baseline -0.001 -21"><span class='ocrx_word' id='word_1_114' title='bbox 246 2687 484 2777; x_wconf 78' lang='lat' dir='ltr'>contemplari,</span> <span class='ocrx_word' id='word_1_115' title='bbox 505 2711 592 2775; x_wconf 87' lang='lat' dir='ltr'>quae</span> <span class='ocrx_word' id='word_1_116' title='bbox 616 2689 774 2755; x_wconf 83' lang='lat' dir='ltr'>choream</span> <span class='ocrx_word' id='word_1_117' title='bbox 798 2688 926 2754; x_wconf 86' lang='lat' dir='ltr'>ducens</span> <span class='ocrx_word' id='word_1_118' title='bbox 948 2695 1022 2754; x_wconf 92' lang='lat' dir='ltr'>tum</span> <span class='ocrx_word' id='word_1_119' title='bbox 1045 2689 1203 2777; x_wconf 87' lang='lat' dir='ltr'>proprios</span> <span class='ocrx_word' id='word_1_120' title='bbox 1223 2690 1385 2755; x_wconf 88' lang='lat' dir='ltr'>continue</span> 
     </span>
    </p>

    <p class='ocr_par' dir='ltr' id='par_1_17' title="bbox 244 2812 1386 2903">
     <span class='ocr_line' id='line_1_18' title="bbox 244 2812 1386 2903; baseline -0.001 -22"><span class='ocrx_word' id='word_1_121' title='bbox 244 2815 281 2880; x_wconf 93' lang='lat' dir='ltr'>in</span> <span class='ocrx_word' id='word_1_122' title='bbox 300 2839 335 2881; x_wconf 89' lang='lat' dir='ltr'>se</span> <span class='ocrx_word' id='word_1_123' title='bbox 354 2816 464 2903; x_wconf 89' lang='lat' dir='ltr'>ipsam</span> <span class='ocrx_word' id='word_1_124' title='bbox 489 2814 591 2879; x_wconf 89' lang='lat' dir='ltr'>celeri</span> <span class='ocrx_word' id='word_1_125' title='bbox 613 2812 800 2901; x_wconf 88' lang='lat' dir='ltr'>rapiditate</span> <span class='ocrx_word' id='word_1_126' title='bbox 819 2814 975 2880; x_wconf 82' lang='lat' dir='ltr'>revolute</span> <span class='ocrx_word' id='word_1_127' title='bbox 998 2813 1094 2881; x_wconf 86' lang='lat' dir='ltr'>ducit</span> <span class='ocrx_word' id='word_1_128' title='bbox 1118 2815 1231 2897; x_wconf 91' lang='lat' dir='ltr'>orbes,</span> <span class='ocrx_word' id='word_1_129' title='bbox 1251 2822 1326 2880; x_wconf 87' lang='lat' dir='ltr'>tum</span> <span class='ocrx_word' id='word_1_130' title='bbox 1351 2822 1386 2880; x_wconf 91' lang='lat' dir='ltr'>et</span> 
     </span>
    </p>

    <p class='ocr_par' dir='ltr' id='par_1_18' title="bbox 245 2938 1383 3026">
     <span class='ocr_line' id='line_1_19' title="bbox 245 2938 1383 3026; baseline 0 -21"><span class='ocrx_word' id='word_1_131' title='bbox 245 2941 352 3006; x_wconf 87' lang='lat' dir='ltr'>altera</span> <span class='ocrx_word' id='word_1_132' title='bbox 372 2962 483 3005; x_wconf 89' lang='lat' dir='ltr'>manu·</span> <span class='ocrx_word' id='word_1_133' title='bbox 495 2938 707 3026; x_wconf 85' lang='lat' dir='ltr'>apprehensa</span> <span class='ocrx_word' id='word_1_134' title='bbox 723 2961 759 3004; x_wconf 89' lang='lat' dir='ltr'>se</span> <span class='ocrx_word' id='word_1_135' title='bbox 778 2938 888 3025; x_wconf 87' lang='lat' dir='ltr'>ipsam</span> <span class='ocrx_word' id='word_1_136' title='bbox 907 2938 997 3004; x_wconf 88' lang='lat' dir='ltr'>circa</span> <span class='ocrx_word' id='word_1_137' title='bbox 1015 2938 1125 3004; x_wconf 90' lang='lat' dir='ltr'>veloci</span> <span class='ocrx_word' id='word_1_138' title='bbox 1145 2962 1246 3006; x_wconf 89' lang='lat' dir='ltr'>cursu</span> <span class='ocrx_word' id='word_1_139' title='bbox 1265 2938 1309 3005; x_wconf 87' lang='lat' dir='ltr'>ad</span> <span class='ocrx_word' id='word_1_140' title='bbox 1329 2962 1383 3005; x_wconf 84' lang='lat' dir='ltr'>ea·</span> 
     </span>
    </p>

    <p class='ocr_par' dir='ltr' id='par_1_19' title="bbox 243 3062 1383 3151">
     <span class='ocr_line' id='line_1_20' title="bbox 243 3062 1383 3151; baseline -0.001 -21"><span class='ocrx_word' id='word_1_141' title='bbox 243 3065 321 3131; x_wconf 89' lang='lat' dir='ltr'>dem</span> <span class='ocrx_word' id='word_1_142' title='bbox 333 3065 404 3131; x_wconf 82' lang='lat' dir='ltr'>fere</span> <span class='ocrx_word' id='word_1_143' title='bbox 415 3064 563 3150; x_wconf 86' lang='lat' dir='ltr'>vestigia</span> <span class='ocrx_word' id='word_1_144' title='bbox 579 3063 774 3151; x_wconf 90' lang='lat' dir='ltr'>repedando</span> <span class='ocrx_word' id='word_1_145' title='bbox 788 3062 993 3146; x_wconf 87' lang='lat' dir='ltr'>revolvitur,</span> <span class='ocrx_word' id='word_1_146' title='bbox 1010 3073 1085 3129; x_wconf 88' lang='lat' dir='ltr'>tum</span> <span class='ocrx_word' id='word_1_147' title='bbox 1101 3065 1222 3130; x_wconf 88' lang='lat' dir='ltr'>ambae</span> <span class='ocrx_word' id='word_1_148' title='bbox 1235 3065 1383 3132; x_wconf 89' lang='lat' dir='ltr'>lentiore</span> 
     </span>
    </p>

    <p class='ocr_par' dir='ltr' id='par_1_20' title="bbox 177 3189 1384 3278">
     <span class='ocr_line' id='line_1_21' title="bbox 177 3189 1384 3278; baseline -0.001 -21"><span class='ocrx_word' id='word_1_149' title='bbox 177 3203 221 3265; x_wconf 81' lang='lat'>20</span> <span class='ocrx_word' id='word_1_150' title='bbox 242 3214 346 3278; x_wconf 85' lang='lat' dir='ltr'>passu</span> <span class='ocrx_word' id='word_1_151' title='bbox 369 3214 403 3257; x_wconf 87' lang='lat' dir='ltr'>se</span> <span class='ocrx_word' id='word_1_152' title='bbox 431 3190 581 3256; x_wconf 87' lang='lat' dir='ltr'>medium</span> <span class='ocrx_word' id='word_1_153' title='bbox 607 3189 697 3255; x_wconf 89' lang='lat' dir='ltr'>circa</span> <span class='ocrx_word' id='word_1_154' title='bbox 725 3189 960 3256; x_wconf 89' lang='lat' dir='ltr'>citharoedum</span> <span class='ocrx_word' id='word_1_155' title='bbox 986 3189 1148 3274; x_wconf 82' lang='lat' dir='ltr'>incitant,</span> <span class='ocrx_word' id='word_1_156' title='bbox 1178 3191 1261 3257; x_wconf 91' lang='lat' dir='ltr'>dum</span> <span class='ocrx_word' id='word_1_157' title='bbox 1298 3191 1384 3258; x_wconf 91' lang='lat' dir='ltr'>obli-</span> 
     </span>
    </p>

    <p class='ocr_par' dir='ltr' id='par_1_21' title="bbox 244 3315 1381 3404">
     <span class='ocr_line' id='line_1_22' title="bbox 244 3315 1381 3404; baseline 0.001 -21"><span class='ocrx_word' id='word_1_158' title='bbox 244 3318 320 3403; x_wconf 89' lang='lat' dir='ltr'>quis</span> <span class='ocrx_word' id='word_1_159' title='bbox 341 3318 426 3383; x_wconf 87' lang='lat' dir='ltr'>aliac</span> <span class='ocrx_word' id='word_1_160' title='bbox 446 3316 513 3381; x_wconf 88' lang='lat' dir='ltr'>alia</span> <span class='ocrx_word' id='word_1_161' title='bbox 533 3315 671 3381; x_wconf 86' lang='lat' dir='ltr'>aliunde</span> <span class='ocrx_word' id='word_1_162' title='bbox 690 3316 846 3382; x_wconf 90' lang='lat' dir='ltr'>cursibus</span> <span class='ocrx_word' id='word_1_163' title='bbox 874 3316 992 3383; x_wconf 88' lang='lat' dir='ltr'>eadem</span> <span class='ocrx_word' id='word_1_164' title='bbox 1011 3340 1047 3382; x_wconf 90' lang='lat' dir='ltr'>se</span> <span class='ocrx_word' id='word_1_165' title='bbox 1073 3340 1192 3404; x_wconf 85' lang='lat' dir='ltr'>gerere</span> <span class='ocrx_word' id='word_1_166' title='bbox 1216 3317 1381 3385; x_wconf 89' lang='lat' dir='ltr'>videntur</span> 
     </span>
    </p>

    <p class='ocr_par' dir='ltr' id='par_1_22' title="bbox 241 3441 361 3507">
     <span class='ocr_line' id='line_1_23' title="bbox 241 3441 361 3507; baseline 0.017 -2"><span class='ocrx_word' id='word_1_167' title='bbox 241 3441 361 3507; x_wconf 87' lang='lat' dir='ltr'>forma.</span> 
     </span>
    </p>

    <p class='ocr_par' dir='ltr' id='par_1_23' title="bbox 330 3565 1379 3655">
     <span class='ocr_line' id='line_1_24' title="bbox 330 3565 1379 3655; baseline 0.01 -30"><span class='ocrx_word' id='word_1_168' title='bbox 330 3580 347 3625; x_wconf 83' lang='lat' dir='ltr'>v</span> <span class='ocrx_word' id='word_1_169' title='bbox 374 3565 491 3631; x_wconf 85' lang='lat' dir='ltr'>Tertio</span> <span class='ocrx_word' id='word_1_170' title='bbox 516 3565 635 3652; x_wconf 86' lang='lat' dir='ltr'>regina</span> <span class='ocrx_word' id='word_1_171' title='bbox 663 3567 870 3654; x_wconf 89' lang='lat' dir='ltr'>proceritate</span> <span class='ocrx_word' id='word_1_172' title='bbox 897 3568 1098 3655; x_wconf 87' lang='lat' dir='ltr'>plusquam</span> <span class='ocrx_word' id='word_1_173' title='bbox 1121 3569 1272 3636; x_wconf 87' lang='lat' dir='ltr'>humana</span> <span class='ocrx_word' id='word_1_174' title='bbox 1297 3570 1379 3636; x_wconf 88' lang='lat' dir='ltr'>insi·</span> 
     </span>
    </p>

    <p class='ocr_par' dir='ltr' id='par_1_24' title="bbox 240 3691 1378 3782">
     <span class='ocr_line' id='line_1_25' title="bbox 240 3691 1378 3782; baseline 0.006 -28"><span class='ocrx_word' id='word_1_175' title='bbox 240 3691 330 3775; x_wconf 83' lang='lat' dir='ltr'>gnis,</span> <span class='ocrx_word' id='word_1_176' title='bbox 362 3691 458 3756; x_wconf 91' lang='lat' dir='ltr'>ouius</span> <span class='ocrx_word' id='word_1_177' title='bbox 483 3692 573 3755; x_wconf 86' lang='lat' dir='ltr'>circa</span> <span class='ocrx_word' id='word_1_178' title='bbox 602 3697 705 3778; x_wconf 86' lang='lat' dir='ltr'>caput</span> <span class='ocrx_word' id='word_1_179' title='bbox 735 3714 797 3779; x_wconf 93' lang='lat' dir='ltr'>pro</span> <span class='ocrx_word' id='word_1_180' title='bbox 824 3715 949 3759; x_wconf 90' lang='lat' dir='ltr'>corona</span> <span class='ocrx_word' id='word_1_181' title='bbox 977 3693 1014 3759; x_wconf 91' lang='lat' dir='ltr'>in</span> <span class='ocrx_word' id='word_1_182' title='bbox 1044 3695 1162 3760; x_wconf 91' lang='lat' dir='ltr'>orbem</span> <span class='ocrx_word' id='word_1_183' title='bbox 1190 3695 1378 3782; x_wconf 84' lang='lat' dir='ltr'>dispositae</span> 
     </span>
    </p>

    <p class='ocr_par' dir='ltr' id='par_1_25' title="bbox 174 3815 1380 3903">
     <span class='ocr_line' id='line_1_26' title="bbox 174 3815 1380 3903; baseline 0.003 -19"><span class='ocrx_word' id='word_1_184' title='bbox 174 3822 217 3884; x_wconf 78' lang='lat'>25</span> <span class='ocrx_word' id='word_1_185' title='bbox 241 3823 352 3880; x_wconf 83' lang='lat' dir='ltr'>turres</span> <span class='ocrx_word' id='word_1_186' title='bbox 371 3815 537 3900; x_wconf 78' lang='lat' dir='ltr'>eminent,</span> <span class='ocrx_word' id='word_1_187' title='bbox 551 3815 794 3903; x_wconf 85' lang='lat' dir='ltr'>ingentemque</span> <span class='ocrx_word' id='word_1_188' title='bbox 814 3840 953 3883; x_wconf 88' lang='lat' dir='ltr'>currum</span> <span class='ocrx_word' id='word_1_189' title='bbox 972 3826 1136 3903; x_wconf 87' lang='lat' dir='ltr'>quattuor</span> <span class='ocrx_word' id='word_1_190' title='bbox 1149 3820 1294 3886; x_wconf 85' lang='lat' dir='ltr'>trahunt</span> <span class='ocrx_word' id='word_1_191' title='bbox 1311 3822 1380 3888; x_wconf 93' lang='lat' dir='ltr'>leo-</span> 
     </span>
    </p>

    <p class='ocr_par' dir='ltr' id='par_1_26' title="bbox 240 3939 1381 4036">
     <span class='ocr_line' id='line_1_27' title="bbox 240 3939 1381 4036; baseline 0.009 -33"><span class='ocrx_word' id='word_1_192' title='bbox 240 3962 312 4024; x_wconf 81' lang='lat' dir='ltr'>nes,</span> <span class='ocrx_word' id='word_1_193' title='bbox 334 3939 377 4004; x_wconf 87' lang='lat' dir='ltr'>ad</span> <span class='ocrx_word' id='word_1_194' title='bbox 397 3940 493 4005; x_wconf 89' lang='lat' dir='ltr'>cuius</span> <span class='ocrx_word' id='word_1_195' title='bbox 509 3947 680 4006; x_wconf 87' lang='lat' dir='ltr'>temonem</span> <span class='ocrx_word' id='word_1_196' title='bbox 692 3941 792 4029; x_wconf 86' lang='lat' dir='ltr'>virgo</span> <span class='ocrx_word' id='word_1_197' title='bbox 804 3951 856 4008; x_wconf 87' lang='lat' dir='ltr'>est</span> <span class='ocrx_word' id='word_1_198' title='bbox 875 3950 1081 4031; x_wconf 89' lang='lat' dir='ltr'>tympanum</span> <span class='ocrx_word' id='word_1_199' title='bbox 1094 3952 1256 4012; x_wconf 85' lang='lat' dir='ltr'>tractans.</span> <span class='ocrx_word' id='word_1_200' title='bbox 1279 3946 1381 4036; x_wconf 88' lang='lat' dir='ltr'>Scep·</span> 
     </span>
    </p>

    <p class='ocr_par' dir='ltr' id='par_1_27' title="bbox 241 4065 1379 4159">
     <span class='ocr_line' id='line_1_28' title="bbox 241 4065 1379 4159; baseline 0.011 -30"><span class='ocrx_word' id='word_1_201' title='bbox 241 4074 334 4130; x_wconf 81' lang='lat' dir='ltr'>trum</span> <span class='ocrx_word' id='word_1_202' title='bbox 361 4065 466 4131; x_wconf 87' lang='lat' dir='ltr'>habet</span> <span class='ocrx_word' id='word_1_203' title='bbox 487 4067 523 4131; x_wconf 91' lang='lat' dir='ltr'>in</span> <span class='ocrx_word' id='word_1_204' title='bbox 546 4067 702 4152; x_wconf 82' lang='lat' dir='ltr'>dextera,</span> <span class='ocrx_word' id='word_1_205' title='bbox 724 4069 814 4156; x_wconf 89' lang='lat' dir='ltr'>quod</span> <span class='ocrx_word' id='word_1_206' title='bbox 842 4071 975 4137; x_wconf 88' lang='lat' dir='ltr'>nescias</span> <span class='ocrx_word' id='word_1_207' title='bbox 995 4072 1209 4159; x_wconf 87' lang='lat' dir='ltr'>distinguere</span> <span class='ocrx_word' id='word_1_208' title='bbox 1231 4098 1314 4141; x_wconf 90' lang='lat' dir='ltr'>num</span> <span class='ocrx_word' id='word_1_209' title='bbox 1338 4100 1379 4142; x_wconf 85' lang='lat' dir='ltr'>ex</span> 
     </span>
    </p>
   </div>
   <div class='ocr_carea' id='block_1_6' title="bbox 240 4193 1379 4287">
    <p class='ocr_par' dir='ltr' id='par_1_28' title="bbox 240 4193 1379 4287">
     <span class='ocr_line' id='line_1_29' title="bbox 240 4193 1379 4287; baseline 0.013 -32"><span class='ocrx_word' id='word_1_210' title='bbox 240 4193 412 4278; x_wconf 84' lang='lat' dir='ltr'>crystallo,</span> <span class='ocrx_word' id='word_1_211' title='bbox 432 4216 515 4259; x_wconf 89' lang='lat' dir='ltr'>num</span> <span class='ocrx_word' id='word_1_212' title='bbox 533 4216 614 4259; x_wconf 90' lang='lat' dir='ltr'>vero</span> <span class='ocrx_word' id='word_1_213' title='bbox 634 4218 676 4260; x_wconf 84' lang='lat' dir='ltr'>ex</span> <span class='ocrx_word' id='word_1_214' title='bbox 692 4197 877 4282; x_wconf 88' lang='lat' dir='ltr'>purissimo</span> <span class='ocrx_word' id='word_1_215' title='bbox 897 4198 1121 4287; x_wconf 67' lang='lat' dir='ltr'>emergente,</span> <span class='ocrx_word' id='word_1_216' title='bbox 1143 4201 1181 4267; x_wconf 91' lang='lat' dir='ltr'>in</span> <span class='ocrx_word' id='word_1_217' title='bbox 1201 4203 1298 4270; x_wconf 89' lang='lat' dir='ltr'>cuius</span> <span class='ocrx_word' id='word_1_218' title='bbox 1323 4227 1379 4270; x_wconf 83' lang='lat' dir='ltr'>ex·</span> 
     </span>
    </p>
   </div>
   <div class='ocr_carea' id='block_1_7' title="bbox 245 4333 1373 4358">
    <p class='ocr_par' dir='ltr' id='par_1_29' title="bbox 245 4333 1373 4358">
     <span class='ocr_line' id='line_1_30' title="bbox 245 4333 1373 4358; baseline 0.001 -17"><span class='ocrx_word' id='word_1_219' title='bbox 245 4333 1373 4358; x_wconf 44' lang='grc' dir='ltr'>Ἢ</span> 
     </span>
    </p>
   </div>
   <div class='ocr_carea' id='block_1_8' title="bbox 236 4390 1378 4523">
    <p class='ocr_par' dir='ltr' id='par_1_30' title="bbox 236 4390 1378 4523">
     <span class='ocr_line' id='line_1_31' title="bbox 345 4390 1378 4466; baseline 0.015 -27"><span class='ocrx_word' id='word_1_220' title='bbox 345 4390 497 4442; x_wconf 76' lang='lat' dir='ltr'>leeruleo</span> <span class='ocrx_word' id='word_1_221' title='bbox 586 4394 610 4446; x_wconf 85' lang='lat'>5.</span> <span class='ocrx_word' id='word_1_222' title='bbox 632 4393 648 4440; x_wconf 84' lang='grc'>6</span> <span class='ocrx_word' id='word_1_223' title='bbox 673 4393 768 4457; x_wconf 79' lang='lat' dir='ltr'>girum</span> <span class='ocrx_word' id='word_1_224' title='bbox 855 4397 886 4446; x_wconf 79' lang='lat'>18</span> <span class='ocrx_word' id='word_1_225' title='bbox 911 4397 1035 4462; x_wconf 65' lang='lat' dir='ltr'>apphiae</span> <span class='ocrx_word' id='word_1_226' title='bbox 1113 4400 1146 4450; x_wconf 79' lang='lat'>20</span> <span class='ocrx_word' id='word_1_227' title='bbox 1171 4402 1378 4466; x_wconf 85' lang='lat' dir='ltr'>cytharoedum</span> 
     </span>
     <span class='ocr_line' id='line_1_32' title="bbox 236 4469 756 4523; baseline 0.012 -3"><span class='ocrx_word' id='word_1_228' title='bbox 236 4469 268 4520; x_wconf 71' lang='lat'>23</span> <span class='ocrx_word' id='word_1_229' title='bbox 285 4469 371 4520; x_wconf 71' lang='lat' dir='ltr'>Tereo</span> <span class='ocrx_word' id='word_1_230' title='bbox 435 4471 611 4523; x_wconf 67' lang='lat' dir='ltr'>mariscallo</span> <span class='ocrx_word' id='word_1_231' title='bbox 755 4479 756 4482; x_wconf 76' lang='grc'>’</span> 
     </span>
    </p>
   </div>
   <div class='ocr_carea' id='block_1_9' title="bbox 0 0 1700 5122">
    <p class='ocr_par' dir='ltr' id='par_1_31' title="bbox 0 0 1700 5122">
     <span class='ocr_line' id='line_1_33' title="bbox 0 0 1700 5122; baseline 0 2"><span class='ocrx_word' id='word_1_232' title='bbox 0 0 1700 5122; x_wconf 95' lang='lat' dir='ltr'> </span> 
     </span>
    </p>
   </div>
  </div>
 </body>
</html>
