3390 5122
329 427 369 484 81
542 443 680 488 mamni
701 441 802 488 neum
823 442 867 488 na
887 438 1043 488 munim:
1064 437 1261 489 venareum.

329 602 449 665 benies
479 599 586 665 nihilo
609 599 665 664 vel
689 599 910 686 paucioribus
943 601 1149 687 indigemus.
1169 601 1469 687 Vigesimooctuvo

330 734 444 791 uirum
463 749 481 788 e
499 725 632 791 duobus
651 727 797 791 alierum
813 725 970 790 includit.
985 727 1255 812 Vigesimonono
1271 726 1384 792 utrius
1401 749 1471 792 cor·

331 852 447 938 ruptio
469 851 691 939 pernitiosior
709 858 743 916 et
766 851 955 937 fugibilior.
971 851 1161 937 Trigesimo
1181 852 1263 937 quid
1288 853 1379 918 bono
1395 875 1471 940 pro-

330 977 495 1064 pinquius
514 983 548 1043 et
566 977 722 1042 similius.
739 976 1044 1063 Trigesimoprimo
1060 983 1207 1041 utrume
1223 977 1356 1043 duobus
1371 977 1471 1042 bonis

286 1099 307 1162 ὃ
331 1102 465 1168 meliori
485 1103 684 1188 optimoque
698 1101 854 1167 similius.
874 1101 1216 1187 Trigesimosecundo
1229 1111 1346 1168 utrum
1359 1103 1470 1187 magis

330 1229 483 1294 activum
502 1227 585 1293 boni
609 1234 644 1292 et
667 1226 750 1292 mali
773 1227 887 1293 minus
912 1227 1177 1312 destructivum,
1197 1235 1232 1293 si
1255 1252 1273 1293 e
1297 1251 1470 1294 converse.

331 1354 627 1440 Trigesimolertio
648 1355 703 1421 cui
720 1355 876 1421 meliores
895 1355 1036 1422 adstani
1053 1355 1340 1421 circumstantiae.
1356 1355 1473 1440 Trige-

332 1478 542 1565 simoqua-rto
563 1480 646 1564 quid
669 1480 912 1563 necessarium,
933 1480 1016 1566 quid
1040 1481 1135 1547 utile.
1155 1481 1471 1567 Trigesimoquinio

330 1612 447 1670 utrum
468 1607 542 1671 sins
562 1606 670 1672 aliero
690 1606 888 1693 eligibilius.
908 1606 1197 1693 Trigesimosexio
1217 1615 1334 1673 utrum
1355 1631 1372 1672 e
1392 1608 1473 1672 dno-

266 1736 308 1800 10
331 1731 395 1796 bus
414 1738 466 1796 esi
489 1753 557 1817 quo
577 1740 751 1797 carentem
769 1733 876 1821 pudet
895 1733 1021 1816 minue,
1046 1735 1102 1799 vel
1126 1734 1168 1799 de
1191 1734 1287 1800 cuius
1314 1733 1472 1799 absentia

330 1857 440 1943 possis
458 1857 612 1943 gloriari.
625 1857 964 1945 Trigesimoseptimo
977 1858 1061 1945 quid
1073 1859 1214 1946 propria
1230 1858 1372 1940 virtuts,
1388 1857 1472 1942 quid

330 1990 489 2049 mutuata
521 1983 688 2050 consistit.
709 1984 1024 2070 Trigesimoociavo
1052 1992 1169 2049 utrum
1193 1983 1391 2070 appositum
1410 1983 1473 2047 ali·

331 2109 387 2174 cui
403 2109 512 2175 eidem
532 2110 634 2175 lertio
654 2111 764 2197 magis
779 2110 908 2177 bonum
925 2118 959 2175 ei
975 2110 1173 2196 eligibilius.
1189 2109 1474 2195 Trigesimonono

331 2234 428 2300 cuius
448 2235 635 2320 eligibilior
653 2243 703 2301 est
720 2236 832 2323 copia,
853 2236 1050 2320 1nuliitud0,
1072 2236 1296 2301 abundantia.
1323 2234 1475 2313 Quadra·

267 2362 309 2428 15
331 2359 463 2444 gesimo
482 2368 598 2426 utrum
615 2385 635 2426 a
650 2363 753 2428 tertio
774 2363 929 2428 ablatum
952 2361 1066 2428 reddit
1083 2361 1197 2448 ipsum
1213 2361 1337 2426 minue.
1360 2361 1363 2449 l
1385 2361 1473 2438 Qua·
1499 2364 1569 2426 79
1581 2364 1626 2426 Ρ

333 2482 640 2573 dragesimoprimo
671 2488 762 2574 quod
780 2495 922 2575 propter
946 2511 981 2552 se
1005 2494 1039 2552 et
1062 2485 1227 2572 gloriam,
1250 2510 1352 2572 quam
1384 2485 1476 2572 qnod

332 2616 474 2697 propter
483 2611 606 2677 horum
616 2612 764 2678 alterum
772 2620 918 2678 lantum.
930 2610 1350 2698 Quadragesimosecundo
1358 2619 1474 2676 uirum

335 2736 507 2801 contrario
531 2737 690 2822 maloque
714 2738 977 2824 impermixtius.
997 2736 1373 2822 Quadragesimoteriio
1394 2735 1476 2820 qnid

334 2859 377 2923 ad
397 2861 526 2945 omnia,
547 2862 631 2948 quid
650 2863 693 2928 ad
717 2863 846 2948 aliqua,
866 2863 948 2949 quid
967 2863 1012 2928 ad
1030 2869 1156 2945 tolum,
1177 2862 1260 2947 quid
1279 2862 1323 2927 ad
1342 2869 1476 2948 partem

267 2989 312 3053 20
335 2983 418 3048 boni
448 2985 628 3069 conducat,
650 2989 703 3052 vel
723 2988 766 3053 ab
786 2988 881 3053 omni
903 2988 958 3054 vel
985 2989 1102 3074 aliquo
1124 2989 1179 3053 vel
1197 2994 1297 3076 pari-e
1319 2987 1401 3052 mali
1419 2987 1477 3051 ab·

336 3107 449 3174 ducat.
482 3111 879 3199 Quadra-gesimoquorto
916 3114 999 3198 quid
1031 3137 1112 3200 quo,
1139 3115 1223 3200 quid
1253 3113 1359 3199 qnod,
1395 3112 1478 3197 quid

335 3234 543 3323 principale,
562 3237 646 3323 quid
666 3239 938 3304 instrumentale.

579 3418 821 3425 ...-—·——-—-...
837 3419 930 3425 -.—-..-.
940 3419 961 3424 -
967 3418 1075 3424 --
1082 3413 1472 3424 ——-.--————-—-a

430 3511 442 3558 1
460 3509 655 3576 indigeamus,
673 3512 689 3560 2
706 3510 843 3575 includit,
860 3511 876 3560 3
893 3507 1097 3576 perniciosior,
1115 3509 1129 3557 ἵ
1145 3510 1274 3571 adstent,
1294 3509 1324 3558 10
1345 3511 1384 3557 sit
1401 3525 1413 3557 c
1431 3524 1481 3572 pu·

335 3590 413 3654 deut,
430 3592 461 3640 12
473 3591 622 3653 consistit,
638 3593 669 3643 14
682 3592 722 3642 sit
728 3628 734 3653 ‚
750 3593 779 3640 15
792 3591 894 3641 reddat
907 3590 931 3639 0·
994 3591 1024 3639 13
1041 3589 1142 3652 tertio,
1152 3589 1244 3652 magis
1257 3589 1364 3638 bonum
1374 3627 1379 3652 ,
1391 3595 1420 3638 et
1432 3590 1481 3638 eli-

334 3671 454 3730 gibilius
476 3671 540 3722 PA:
564 3672 652 3722 tertio
675 3673 767 3735 magis
789 3673 909 3734 bonum,
930 3675 960 3720 et
981 3670 1140 3733 eligibilius
1159 3669 1184 3720 G
1245 3670 1276 3718 22
1293 3669 1481 3719 sotioscriroao

336 3751 437 3802 FINlS
453 3752 505 3802 Aa
