3390 5122
546 408 589 451 un
610 409 851 454 ceurosrmorm
873 411 1056 472 rusciuvu,
1080 412 1128 456 111.
1332 400 1392 457 315

619 684 721 733 sigillum
737 684 821 725 xxm.
834 686 932 736 'rempue
946 688 1015 727 voela.

335 878 411 943 Vox
435 880 640 945 antecedens
663 903 780 962 unam,
810 882 964 948 medians
988 883 1105 968 aliam,
1135 883 1259 949 finiens
1284 885 1390 951 aliam

246 1002 351 1067 habet
374 1003 522 1069 domum.
540 1006 671 1071 Demus
695 1006 800 1072 habet
822 1029 978 1094 quaeque
1002 1016 1150 1093 quatuor
1174 1011 1333 1095 angulos,
1358 1020 1392 1075 et

247 1130 395 1213 angulus
419 1128 487 1195 duo
511 1130 633 1212 latera;
658 1130 709 1197 ibi
727 1131 906 1197 duodecim
930 1140 1011 1198 sunt
1035 1133 1223 1200 elementa:

201 1347 223 1409 ὃ

620 1338 651 1401 Β
741 1339 770 1402 F
987 1340 1020 1405 R

619 1463 646 1528 Ο
743 1463 775 1528 G
989 1464 1013 1530 S

621 1588 652 1651 D
743 1588 772 1652 L
989 1590 1027 1654 T.

334 1824 350 1871 t
378 1812 444 1877 Per
479 1811 598 1879 domos
626 1813 669 1878 ad
692 1812 848 1899 singulas
872 1813 1052 1879 domorum
1075 1819 1191 1900 partes
1214 1820 1390 1898 vagantur

245 1936 487 2003 antecedentes
533 1937 704 2024 quinque,
741 1938 932 2005 mediantes
970 1939 1140 2024 quinque,
1179 1937 1389 2025 complentes

180 2066 222 2129 10
245 2061 413 2148 quinque,
438 2085 516 2129 cum
534 2062 685 2151 propriis
708 2063 915 2130 differentiis
934 2070 969 2129 et
988 2063 1137 2146 casibus,
1161 2062 1271 2129 adiuti
1288 2061 1388 2128 Cate-

246 2210 304 2268 na,
321 2189 561 2275 Numeratore,
581 2197 616 2255 et
634 2190 665 2256 si
686 2190 774 2257 libet
795 2190 873 2256 aliis
897 2211 967 2256 uno
990 2189 1046 2255 vel
1068 2191 1228 2277 pluribus
1252 2190 1388 2277 sigillis.

639 2441 742 2489 Sigillum
759 2440 840 2479 XXIV.
852 2440 921 2481 Pater
935 2441 1000 2480 turin.

307 2656 312 2665 ·
336 2645 352 2692 t
380 2633 482 2699 Furia
506 2643 605 2720 pater
635 2643 687 2700 est
720 2634 868 2720 populus
892 2634 923 2698 A
947 2633 1140 2720 quantitas,
1166 2633 1195 2697 B
1216 2632 1386 2718 qualitaS,

246 2757 409 2841 Glocus,
438 2760 469 2823 D
493 2759 598 2844 situs,
627 2759 657 2823 Ε
685 2766 813 2843 metue,
838 2759 867 2822 F
890 2765 1045 2846 tempuS,
1071 2757 1104 2822 G
1128 2757 1387 2841 concordantia,

179 2886 220 2949 15
243 2884 278 2949 H
302 2864 511 2968 differentia,
532 2884 550 2948 I
569 2883 808 2968 contrarietaS,
826 2884 861 2948 K
878 2883 1030 2966 habitus,
1048 2883 1078 2948 L
1093 2882 1259 2970 privatin,
1276 2884 1313 2947 M
1329 2883 1387 2948 da·

246 3010 307 3092 tio,
328 3009 360 3074 N
379 3010 549 3098 acceptio,
569 3008 598 3075 Ο
618 3009 726 3093 actie,
746 3011 774 3074 P
792 3010 916 3098 passio.
934 3008 1040 3075 Ooe'at
1056 3031 1164 3074 unum
1180 3007 1388 3073 elementum
1427 3022 1429 3026 ’

245 3158 322 3199 cum
345 3134 423 3199 aliis
447 3141 482 3199 et
500 3134 638 3221 singula
657 3158 734 3202 cum
759 3135 920 3202 omnibus
945 3133 1144 3221 dupliciter,
1166 3133 1170 3221 Ι
1192 3140 1226 3199 et
1244 3133 1388 3200 habebis
1414 3139 1521 3203 209

243 3265 404 3345 parentes
419 3281 538 3325 eorum
554 3260 733 3346 signorum
751 3281 815 3347 pro
834 3260 878 3325 iis
902 3280 1049 3344 quorum
1064 3281 1134 3325 non
1149 3266 1247 3345 petes
1261 3258 1388 3324 habere

244 3382 422 3469 imagines.
435 3384 478 3450 In
490 3385 686 3470 quantitate
698 3385 836 3472 percipe
848 3407 1031 3450 numerum
1049 3389 1084 3449 et
1099 3383 1388 3470 magnitudinem,

178 3508 222 3570 ‘20
245 3504 467 3591 inqualitate
486 3510 615 3576 clarum
633 3518 668 3576 et
687 3510 882 3593 obscurum,
900 3519 935 3576 et
953 3509 991 3574 in
1008 3509 1087 3575 aliis
1105 3509 1275 3575 similiter.

686 3758 789 3810 Slglllum
805 3760 874 3800 XXV.
890 3761 945 3798 Fur.

334 3968 350 4016 t
379 3956 450 4021 Fur
464 3956 507 4021 ad
523 3956 638 4022 decem
657 3964 775 4045 aperte
793 3957 934 4044 respicit
957 3956 1189 4023 differentias:
1207 3959 1239 4021 A
1251 3964 1386 4047 partem

244 4092 374 4164 totum,
400 4081 429 4146 B
453 4104 619 4168 magnum
645 4105 807 4169 parvum,
831 4082 858 4148 O
884 4082 1030 4170 simplex
1053 4082 1198 4170 duplex,
1220 4083 1251 4146 D
1279 4081 1388 4149 altum

245 4210 369 4290 imum,
393 4207 422 4271 E
446 4214 527 4272 ante
549 4214 656 4293 retro,
684 4208 713 4271 F
738 4207 898 4274 dextrum
929 4209 1124 4293 sinistrum,
1152 4208 1184 4273 G
1208 4209 1388 4276 internum

343 4454 381 4501 10.
395 4454 424 4501 ll
443 4451 570 4502 Cathena
