3390 5122
231 378 292 436 396
672 391 810 437 manum
831 393 935 438 savin

230 570 338 635 pere,
359 550 503 614 mirum
524 554 528 636 Ι
548 550 590 614 in
614 550 787 632 modum,
807 556 1087 637 competenter
1110 556 1191 632 eto.;
1211 550 1297 614 item
1317 570 1380 614 no·
1407 549 1554 613 13οΡ

231 680 287 738 tae
306 673 501 739 relationis:
523 675 591 758 qni
610 681 733 755 amat,
758 697 909 757 amans,
933 681 1107 757 amat0r;
1126 682 1229 741 notae
1254 696 1382 740 conve·

229 798 396 882 montiae,
414 799 642 885 differentiae,
664 799 934 867 continuationis
950 806 1014 866 eto.

694 1061 793 1126 CAP.
828 1060 910 1126 XII.

418 1204 522 1244 Secunda
536 1216 588 1255 para
601 1205 628 1245 do
641 1205 675 1245 hls
689 1217 748 1255 quae
763 1206 849 1246 faciunt
865 1207 894 1245 ad
905 1207 997 1247 divinas
1012 1206 1187 1247 centensimum.

317 1395 505 1479 Postquam
524 1393 761 1481 expedivimus
777 1393 947 1459 rationem
962 1391 1195 1458 intendendae
1214 1400 1249 1457 et
1264 1391 1380 1478 adipi·

228 1519 372 1586 scendae
405 1521 523 1607 copiae
560 1521 727 1586 sermonis
757 1544 799 1587 ex
824 1544 864 1586 ea
892 1527 992 1606 parte
1021 1541 1108 1603 quae
1141 1517 1301 1584 consistit
1339 1518 1381 1583 in

227 1645 386 1710 ubertate
411 1645 589 1728 dictionis,
619 1646 791 1730 reliquum
819 1654 872 1711 est
899 1644 1016 1709 videre
1043 1644 1183 1710 modum
1213 1644 1378 1709 variandi

227 1773 429 1856 sententias,
448 1773 716 1860 primoquidem
734 1772 955 1859 generaliter,
972 1772 1122 1838 secundo
1148 1794 1226 1838 vero
1245 1772 1380 1860 specia-

165 1901 206 1963 10
227 1897 372 1981 lissima,
389 1906 423 1963 et
442 1898 597 1985 proxime
617 1898 658 1963 de
677 1906 847 1985 apparatu
864 1898 924 1983 qui
940 1897 1099 1963 consistit
1118 1897 1156 1962 in
1175 1897 1377 1963 huiusmodi

228 2047 342 2090 rerum
362 2024 469 2110 copia.

317 2149 403 2215 Cum
423 2149 531 2236 igitur
544 2150 671 2236 triplex
690 2150 736 2215 sit
747 2173 856 2236 genus
876 2172 1069 2231 causarum,
1087 2149 1131 2214 ad
1150 2156 1219 2214 tres
1237 2150 1376 2236 praeci-

227 2297 313 2363 puas
333 2273 458 2340 classes
488 2275 648 2340 reducere
667 2283 804 2361 oportet
833 2275 920 2358 loca,
941 2274 1067 2359 quibus
1087 2273 1266 2360 quodlibet
1297 2297 1379 2362 pro·

226 2399 379 2488 positum
399 2422 462 2486 pro
481 2406 585 2486 captu
604 2422 785 2485 possumus
804 2399 994 2465 efformare.

162 2539 202 2601 15
316 2525 405 2590 Sunt
428 2525 537 2611 igitur
564 2524 639 2589 loca
657 2533 769 2590 certae
798 2525 893 2590 sedes
921 2534 1201 2611 argumentorum
1221 2524 1276 2590 vel
1308 2525 1378 2591 dis·

228 2673 400 2731 cursuum,
416 2673 502 2734 <luae
521 2650 603 2714 licet
621 2673 725 2714 unam
744 2650 856 2737 primo
876 2656 981 2736 atque
1002 2652 1006 2738 Ι
1027 2650 1267 2737 principaliter
1285 2651 1375 2715 refe·
1403 2654 1494 2717 131
1508 2653 1544 2714 F

227 2784 306 2841 rant
325 2776 487 2864 speciem,
507 2776 690 2841 artificiose
709 2784 826 2842 tamen
850 2777 887 2841 in
907 2775 1147 2841 omniformem
1177 2781 1375 2862 praesenta·

227 2901 359 2967 tionem
383 2910 417 2966 et
441 2903 792 2990 repraesentationem
809 2903 961 2966 converti
977 2909 1137 2989 possunt,
1157 2900 1250 2967 haud
1269 2901 1375 2966 aliter

227 3049 331 3110 quam
359 3050 400 3091 ox
431 3027 548 3092 eadem
572 3050 648 3092 cera
679 3049 772 3091 nunc
801 3026 940 3112 quidem
971 3027 1065 3113 equi,
1087 3049 1180 3092 nunc
1206 3026 1372 3108 hominiS,

160 3170 204 3231 20
227 3176 319 3218 nunc
335 3156 441 3220 turris
460 3156 606 3220 tonnam
624 3154 856 3240 exprimimus
879 3152 915 3216 Si
936 3153 1013 3238 quis
1036 3175 1117 3218 vero
1133 3155 1227 3219 locus
1248 3152 1373 3219 affera-

228 3285 298 3359 tur,
320 3279 380 3364 qui
399 3279 500 3344 filcile
519 3302 589 3344 non
609 3278 654 3343 sit
670 3278 853 3360 vertibilis,
872 3277 931 3342 ille
954 3279 1093 3343 nomiae
1116 3285 1255 3343 tantum
1273 3279 1373 3344 locus

226 3403 304 3487 orit,
322 3428 392 3469 non
412 3414 524 3470 autem
546 3428 582 3468 re
602 3405 686 3491 ipsa.

681 3665 779 3730 CAP.
816 3667 917 3731 XIII.

475 3812 533 3857 Quid
551 3813 674 3850 notandum
690 3814 750 3850 circa
765 3814 980 3852 convertibilitatem
997 3814 1113 3855 locorum.

497 3887 519 3920 rt
530 3883 553 3919 ln
565 3883 695 3931 parllcnlarl
708 3885 735 3921 dc
746 3883 800 3922 locls
811 3884 900 3932 gerrone
911 3884 1091 3923 domonstrativi.

316 4087 417 4167 Quia,
438 4093 476 4149 ut
507 4085 656 4150 diximus
687 4086 723 4150 in
754 4087 1002 4173 superioribus,
1023 4087 1059 4151 in
1079 4087 1239 4151 omnibus
1264 4088 1373 4154 rebus

227 4211 315 4276 sicut
335 4219 386 4276 est
405 4210 487 4275 ordo
504 4224 539 4277 et
563 4213 729 4276 connexio
758 4213 939 4296 quaedam,
960 4213 1008 4276 ita
1040 4213 1145 4277 etiam
1171 4220 1223 4277 est
1247 4213 1374 4279 simili·

235 4377 645 4388 *—

315 4464 340 4509 s.
353 4466 382 4511 10
400 4462 604 4527 specialissimo
617 4470 646 4511 et
661 4463 683 4507 (l
750 4466 781 4513 16
797 4473 885 4531 atquo
897 4466 924 4514 F
