3390 5122
592 409 636 455 nn
656 411 812 456 causans
834 412 1035 458 ramiroam.
1344 400 1383 458 37

241 588 345 630 unam
358 564 402 631 ad
415 566 518 631 aliam
538 566 697 632 reducere
713 574 861 654 tentans,
873 568 1064 634 diminuere
1077 574 1192 635 tentat
1208 579 1242 635 et
1257 577 1384 636 castra-

241 714 286 755 rc.
306 691 361 755 lta
377 691 470 756 enim
485 690 609 758 horum
626 692 726 779 plura
740 693 778 758 in
793 693 1014 780 paucioribus
1031 692 1201 759 contineri
1221 693 1381 780 dixerim,

239 820 278 879 ut
302 815 390 881 alius
414 816 588 904 quispiam
607 817 645 882 in
668 818 782 905 capite
807 819 862 884 vel
887 825 1024 907 pectore
1047 819 1103 885 vol
1127 819 1229 884 busto
1248 826 1382 885 caetera

238 941 389 1008 hominis
408 943 562 1008 membra
581 943 698 1009 credat
718 944 900 1010 contineri.

681 1289 722 1354 V.
746 1289 935 1354 Mnunnvu.

328 1574 578 1642 Sumendarum
598 1573 706 1660 igitur
725 1571 1000 1638 differentiarum
1017 1579 1171 1660 potestas
1196 1574 1240 1640 ad
1263 1575 1382 1640 inven-

237 1701 343 1767 tionis
371 1701 513 1767 divitias
538 1698 673 1766 confert
703 1697 909 1785 plurimum,
936 1721 1040 1783 quam
1069 1722 1151 1764 sane
1182 1698 1382 1766 facultatem

237 1827 399 1892 exercitio
416 1825 574 1892 sumendi
589 1824 821 1889 differentiam
834 1846 949 1889 rerum
961 1824 1110 1889 maxims
1125 1823 1291 1890 similium
1304 1847 1383 1913 cap-

236 1950 304 2016 tari
316 1957 463 2017 testatur
477 1949 696 2033 Aristotelen,
708 1948 800 2036 quod
819 1948 932 2015 tribus
951 1948 1076 2014 asserit
1095 1947 1184 2014 effici
1200 1972 1299 2036 posse
1315 1972 1384 2016 mo·

172 2079 215 2143 10
237 2077 300 2142 dis.
320 2077 438 2142 Primo
457 2099 536 2142 cum
554 2083 739 2142 sumuntur
758 2098 884 2159 rerum,
907 2098 993 2162 quae
1013 2075 1076 2142 sub
1096 2098 1166 2143 uno
1185 2077 1396 2165 propinquo·

238 2224 363 2287 genere
395 2201 631 2286 continentur,
656 2201 885 2285 differentiae,
910 2202 1059 2268 secundo
1089 2225 1166 2268 cum
1197 2203 1382 2290 capiuntur

239 2351 297 2393 eae
322 2351 408 2413 quae
433 2329 471 2394 in
494 2351 563 2394 uno
587 2334 668 2395 sunt
697 2327 880 2394 remotiore
909 2350 1047 2413 genere;
1076 2327 1181 2394 tertio
1212 2351 1290 2395 cnm
1320 2353 1379 2396 eae

239 2475 326 2539 quae
357 2454 596 2520 remotissimis
628 2459 750 2541 utpote
787 2453 957 2539 supremis
992 2452 1228 2538 continentur,
1263 2455 1293 2519 si
1325 2478 1379 2520 res

236 2578 312 2644 illas
329 2578 511 2666 contingat
535 2602 607 2644 esse
631 2578 769 2644 similes.
786 2578 903 2643 Primo
922 2578 994 2662 fiet,
1015 2584 1056 2642 nt
1079 2578 1293 2664 respiciendo
1312 2580 1380 2646 for-

170 2704 212 2768 15
235 2703 422 2769 titudinem
452 2711 486 2769 et
516 2703 699 2788 iustitiam,
720 2725 866 2789 quorum
886 2725 964 2769 cum
982 2726 1093 2789 genus
1111 2703 1309 2790 proximum
1333 2707 1380 2771 sit

235 2830 359 2914 virtue,
376 2830 546 2897 fortitudo
563 2830 701 2916 quidem
719 2836 771 2896 est
786 2832 877 2896 circa
892 2830 1125 2916 formidanda,
1143 2831 1278 2898 iustitia
1297 2855 1379 2899 vero

235 2955 325 3023 circa
356 2956 647 3039 conversationem
672 2955 833 3041 secund0,
853 2961 893 3021 ut
917 2957 979 3026 nbi
1010 2956 1092 3022 hinc
1121 2955 1308 3044 prudentia
1333 2981 1381 3023 se-

236 3082 385 3149 cundum
415 3081 609 3169 potentiam
636 3081 900 3167 intellectivam,
933 3083 1164 3170 temperantia
1189 3084 1378 3149 secundum

233 3205 453 3285 falcultatem
469 3207 698 3296 appetitivam
717 3208 904 3273 distantius
923 3208 1117 3275 universale
1135 3231 1314 3275 commune
1328 3232 1378 3274 re
1402 3216 1473 3280 26
1486 3219 1531 3280 Ρ

167 3341 211 3405 ‘20
234 3332 402 3420 spiciunt3
420 3333 537 3417 terti0,
560 3333 563 3422 l
584 3340 623 3399 ut
641 3333 703 3399 nbi
722 3333 923 3421 respicimus
938 3333 1022 3401 hinc
1038 3334 1178 3420 quidem
1190 3357 1328 3401 sensum
1340 3335 1378 3400 in
1404 3344 1501 3409 '731
1520 3345 1560 3411 G

232 3457 512 3545 praedicamento
532 3458 723 3545 relationis,
744 3459 825 3525 inde
843 3482 924 3525 vero
943 3460 1126 3527 scientiam
1145 3461 1183 3526 in
1201 3460 1377 3547 praedica·

232 3590 350 3649 mento
370 3583 560 3670 qualitatis.
580 3585 709 3671 Magna
728 3591 845 3650 tamen
870 3585 961 3650 inter
984 3585 1069 3652 haec
1093 3584 1285 3652 similitudo
1303 3608 1378 3673 per-

233 3709 374 3796 cipitur,
396 3710 510 3796 inquit
526 3710 740 3777 Aristoteles.
762 3711 829 3777 Sed
845 3711 935 3777 forte
952 3712 1119 3798 intelligit
1138 3733 1200 3798 pro
1218 3711 1378 3777 similitu·

233 3833 313 3900 dine
331 3835 606 3923 proportionem3
628 3837 807 3924 proportio
831 3837 924 3902 enim
944 3860 1024 3902 vere
1043 3845 1106 3920 est,
1127 3837 1209 3923 quia
1228 3837 1318 3902 sicut
1342 3861 1377 3901 sc

167 3970 210 4035 25
232 3961 338 4027 habet
356 3984 475 4028 sensns
494 3962 538 4027 ad
558 3963 733 4047 sensibile,
753 3963 803 4028 ita
822 3962 966 4028 scientia
986 3962 1030 4028 ad
1053 3963 1173 4029 scibile
1197 3986 1256 4028 seu
1276 3962 1378 4027 intel-

232 4083 342 4152 lectus
361 4086 405 4151 ad
433 4086 675 4174 intelligibile,
696 4111 867 4175 nusquam
896 4095 1014 4154 tamen
1045 4082 1163 4155 sensus
1183 4087 1306 4154 similis
1326 4092 1378 4153 est

233 4211 398 4278 scientiae
416 4235 528 4300 neque
544 4213 746 4280 intellectui.

326 4402 339 4450 1
356 4399 424 4467 lepyi
440 4401 606 4451 deminuere
671 4403 701 4451 13
718 4402 906 4452 continentur
923 4401 965 4451 (ιῑε
983 4404 1151 4453 continetur
1168 4403 1217 4452 ΡΑ
1283 4405 1312 4452 ll
1329 4404 1375 4453 Sc·

235 4479 328 4532 cnndb
343 4480 368 4529 P
429 4481 462 4531 23
478 4482 568 4531 Arist.
579 4479 625 4544 qui
635 4480 668 4530 cd
680 4482 783 4531 aurore
796 4482 847 4531 ΡΑ
