3390 5122
539 439 583 480 ns
605 438 847 483 conrosrrroun
868 439 1052 497 runemvn,
1077 439 1096 482 1.
1331 425 1386 483 195

238 574 383 640 busdam
414 574 577 639 differant
593 575 784 657 elementis,
806 583 845 639 ut
876 575 959 640 haec
980 598 1067 661 quae
1096 576 1172 641 heic
1193 576 1261 641 alia
1288 583 1385 660 sunt,

240 700 289 765 ibi
308 700 457 765 vicariae
477 701 560 785 sint,
581 709 615 766 et
639 702 700 767 illa
721 701 806 767 heic.

584 957 618 995 Dc
635 957 715 1005 quinto
728 958 854 1006 specierum
869 957 1044 1005 complemento.

331 1158 348 1205 a
374 1145 521 1209 Demum
547 1151 731 1230 postquam
760 1143 866 1209 habes
895 1143 976 1208 atrii
1006 1149 1164 1208 centrum
1193 1141 1382 1210 formatum

196 1267 216 1330 5
240 1292 316 1335 cum
334 1269 404 1335 suis
424 1269 561 1355 angulis
580 1275 685 1354 atque
703 1270 851 1334 laterum
877 1268 1083 1333 differentiis
1102 1292 1164 1355 per
1183 1292 1262 1336 suos
1283 1269 1387 1335 colla-

240 1396 362 1460 terales
381 1395 425 1459 ad
444 1395 620 1460 dexteram
651 1394 814 1460 videlicet
837 1403 942 1479 atque
966 1394 1145 1459 sinistram
1165 1394 1386 1478 adsistentes,

238 1523 334 1587 locus
354 1529 405 1586 est
433 1520 726 1602 concatenationi,
744 1528 784 1585 ut
814 1521 1053 1585 universarum
1082 1543 1197 1585 rerum
1215 1520 1386 1607 imagines

239 1647 389 1736 propriis
409 1645 445 1711 in
465 1646 646 1712 ordinibus
676 1646 779 1711 liceat
806 1647 989 1733 inspicere;
1010 1667 1128 1712 omnes
1159 1645 1253 1711 enim
1283 1644 1326 1710 ad
1350 1644 1388 1709 in

241 1776 338 1840 atriis
363 1773 568 1860 praepositis
596 1773 712 1860 capita
728 1774 953 1857 reducuntur,
975 1796 1119 1858 quorum
1148 1773 1293 1838 subinde
1318 1795 1388 1838 cor·

178 1899 219 1959 10
241 1922 325 1988 pora
345 1908 379 1965 et
398 1899 595 1965 differentia
619 1899 682 1964 sub
707 1899 829 1965 iisdem
849 1899 1023 1986 capitibus
1048 1899 1202 1964 membra
1227 1898 1386 1964 differen-

239 2027 331 2090 tibus
351 2025 608 2090 conditionibus
625 2031 658 2088 et
678 2024 932 2091 adiectionibus
950 2024 1163 2111 aperiuntur.
1178 2023 1389 2090 Concatena·

238 2151 344 2216 tionis
377 2149 523 2215 formam
544 2150 580 2214 in
600 2150 689 2215 libro
709 2151 764 2214 De
792 2149 977 2235 triginta
998 2149 1156 2235 sigillis
1181 2149 1386 2236 aperuimus.

239 2277 285 2341 Et
304 2275 582 2362 percommodum
604 2275 795 2359 ridebitur,
822 2275 851 2339 si
876 2274 1093 2371 indiscursu
1117 2275 1220 2341 unius
1247 2275 1386 2340 fabulae

239 2402 295 2466 vel
310 2401 475 2466 historiae
488 2403 542 2466 vel
558 2401 705 2467 monstri
724 2401 779 2466 vel
792 2399 950 2484 aedificii,
971 2399 1032 2465 ubi
1051 2399 1235 2465 distinctae
1254 2398 1386 2464 fuerint

175 2520 215 2583 15
240 2527 391 2591 actiones
411 2533 513 2612 atquc
533 2526 664 2612 figurae
680 2527 928 2591 elementorum
956 2527 1051 2592 notis
1070 2525 1259 2612 insignitae
1279 2533 1314 2590 et
1333 2548 1386 2590 or·

239 2650 391 2734 diaetae,
416 2651 657 2716 tortitudinem
684 2658 719 2714 et
750 2650 979 2715 stabilitatem
1011 2649 1309 2716 concatenationis
1338 2649 1387 2712 in·

239 2784 428 2858 tentemus3
453 2784 492 2841 ut
517 2777 580 2841 sub
604 2777 742 2841 Aeneae
767 2776 880 2863 capite
905 2775 1115 2863 multiplicia
1139 2774 1387 2860 subsequentia

239 2901 365 2965 diversi
378 2901 513 2986 generis
526 2902 679 2966 membra
692 2924 734 2965 ex
752 2901 846 2966 illius
859 2924 920 2988 per
933 2900 1089 2967 ordinem
1104 2901 1212 2986 gestis
1232 2899 1386 2986 aperian-

239 3034 304 3090 tur.
326 3025 392 3090 Sed
417 3026 481 3091 hoc
500 3026 729 3112 explicatione
756 3026 903 3112 indiget,
923 3043 1047 3114 nempe
1067 3026 1175 3091 veluti
1195 3025 1232 3090 in
1251 3026 1385 3111 sylvam

173 3148 217 3211 20
239 3151 350 3216 media
372 3152 520 3237 quadam
536 3176 571 3217 se
590 3153 711 3218 arbore
728 3152 955 3218 diffundente.

241 3398 270 3458 1.
294 3396 382 3460 Iuno
401 3396 444 3461 ad
463 3397 609 3464 Aeolum
773 3408 774 3417 ’
845 3434 850 3481 y>
887 3400 917 3463 9.
942 3396 1123 3484 Expositio
1142 3396 1352 3483 peregrinat.
1413 3407 1510 3470 100

240 3522 269 3583 2.
295 3520 459 3586 Fluctuat
479 3523 516 3586 in
535 3524 636 3590 Ionio
843 3494 845 3501 i
865 3521 915 3584 10·
940 3519 1085 3585 Amores
1104 3519 1251 3585 Did0nis

240 3646 269 3708 3.
294 3645 452 3731 Appellit
471 3647 716 3734 Carthaginem
794 3666 827 3712 m
867 3647 917 3710 11.
941 3645 1042 3731 Fuga
1058 3645 1195 3711 Aeneae

239 3769 269 3831 4.
295 3769 477 3855 Excipitur
496 3795 515 3836 a
535 3772 670 3836 Didone
795 3733 827 3870 Ξ
865 3771 915 3834 12.
940 3769 1034 3835 Mors
1055 3769 1202 3834 Didonis

795 3964 826 4022 a]

174 3877 216 3941 ⁸25
240 3890 270 3951 5.
295 3890 401 3954 Venit
418 3892 453 3955 in
473 3894 590 3978 templ.
608 3894 731 3958 Iunon.
795 3884 827 3948 Z
846 3897 848 3903 ⁴
866 3891 915 3954 13.
940 3890 1098 3976 Appellit
1117 3891 1256 3956 Siciliae

241 4014 270 4077 6.
295 4013 493 4099 Ingreditur
509 4016 656 4101 Regiam
794 3934 853 4159 <l

865 4016 916 4079 14.
942 4016 1095 4102 Navigat
1114 4016 1240 4082 Cumas

243 4136 270 4199 7.
296 4136 503 4203 Convivinm
782 4207 783 4210 ,
841 4183 842 4206 2
867 4141 916 4205 15.
942 4141 1121 4227 Responsa
1142 4140 1296 4225 Sibyllae

240 4257 271 4321 8.
295 4258 475 4345 Expositio
495 4261 577 4325 bclli
597 4262 719 4326 Troiae
776 4266 781 4306 f
845 4265 917 4356 316.
942 4263 1125 4351 Excipitur
1141 4264 1185 4328 ab
1204 4263 1338 4329 Evand.

331 4475 346 4524 2
357 4477 439 4539 forse.
459 4478 587 4528 vicaria?
647 4481 679 4530 25
696 4482 766 4530 aori
782 4483 868 4532 colato
881 4481 1008 4533 Siciliam
