3390 5122
341 365 401 423 350
784 378 921 423 roausm
943 377 1044 422 savar

341 555 622 600 commemorasse
646 556 724 599 cum
750 533 944 619 gratiarum
972 533 1106 598 actione
1134 552 1251 597 eorum
1275 530 1432 596 solidam
1463 539 1507 595 et

342 658 557 744 frequentem
585 658 874 741 benevolentiam,
900 680 969 743 qua
996 658 1058 723 fiat
1085 664 1125 723 ut
1152 657 1194 721 de
1221 678 1339 721 eorum
1379 662 1510 721 atten-

343 784 437 850 tione
456 806 526 851 non
549 783 694 850 diffidas.

432 911 470 976 Si
488 934 569 977 vero
585 919 708 978 neutra
723 911 858 977 ratione
877 933 912 976 se
927 909 1093 992 habeant,
1111 908 1319 975 conciliandi
1339 916 1430 974 sunt
1454 931 1506 973 ex

297 1047 318 1109 5
344 1037 393 1102 rei
416 1037 602 1125 dignitate,
625 1039 817 1122 honestate,
842 1037 997 1104 iustitiae
1024 1046 1059 1102 et
1087 1035 1245 1102 veritatis
1268 1056 1401 1118 amore,
1432 1038 1505 1122 qui

341 1162 378 1228 in
397 1162 482 1250 ipsis
496 1163 686 1252 requiritur
704 1170 739 1227 et
758 1162 802 1228 ab
818 1162 904 1250 ipsis
923 1168 1134 1250 expectatur.

430 1288 468 1353 Si
490 1310 571 1355 vero
593 1288 726 1355 fuerint
749 1287 892 1372 infensi,
920 1288 985 1355 hoc
1009 1311 1029 1353 a
1051 1287 1183 1377 triplici
1213 1286 1325 1374 capite
1353 1286 1502 1373 poterit
1527 1295 1611 1358 49
1624 1294 1669 1354 F

342 1436 516 1480 emanare:
536 1415 592 1480 vel
610 1437 630 1480 a
649 1437 686 1479 re
704 1413 779 1500 ipsa
799 1435 857 1479 seu
875 1413 1034 1500 negocio,
1057 1412 1113 1478 vel
1137 1435 1157 1477 a
1175 1411 1339 1494 dictione,
1363 1411 1367 1500 Ι
1388 1411 1453 1476 vel
1476 1434 1500 1476 a
1530 1421 1640 1484 135
1655 1419 1685 1483 G

342 1537 443 1604 nobis
466 1539 641 1605 calumnia
663 1559 733 1604 non
758 1538 965 1604 carentibus.
986 1538 1023 1605 Si
1042 1538 1152 1625 igitur
1175 1560 1217 1602 ex
1232 1543 1331 1624 parte
1354 1536 1408 1601 rei
1438 1538 1500 1602 in·

279 1667 321 1731 10
342 1662 460 1729 sensus
490 1663 688 1731 auditorum
716 1663 865 1746 animus,
898 1664 980 1749 quia
1008 1670 1060 1729 est
1091 1663 1254 1729 videlicet
1283 1668 1405 1728 contra
1438 1684 1501 1728 res

345 1790 442 1873 quasi
466 1788 625 1856 definitas
656 1796 691 1855 et
714 1790 888 1856 communi
912 1790 1074 1877 opinione
1108 1789 1268 1855 suffultas
1297 1787 1389 1873 quod
1415 1811 1500 1875 per-

342 1914 484 1980 suadere
499 1916 596 2002 cupit
611 1923 740 1999 orator,
757 1914 942 1981 adferenda
958 1920 1010 1980 est
1024 1913 1125 1998 ratio,
1144 1921 1179 1979 et
1198 1913 1406 1980 concitanda
1428 1913 1495 1979 be·

343 2040 540 2108 nevolentia
573 2063 677 2107 exeo
705 2040 797 2127 quod
820 2040 986 2107 iudicium
1014 2040 1204 2105 humanum
1231 2038 1351 2122 fallas,
1381 2043 1421 2103 et
1452 2038 1499 2104 de

343 2168 491 2256 singulis
514 2168 674 2234 dubitare
702 2175 736 2233 et
760 2174 995 2234 controversas
1022 2167 1174 2233 rationes
1202 2165 1321 2232 audire
1344 2186 1419 2231 non
1446 2167 1499 2232 sit

278 2289 322 2353 15
345 2293 483 2376 inutile,
509 2302 544 2359 et
567 2315 732 2379 magnum
755 2293 913 2359 veritatis
940 2291 1226 2379 impedimentum
1250 2292 1296 2357 sit
1318 2291 1357 2356 in
1380 2293 1497 2357 semel

343 2419 524 2506 primoque
549 2419 709 2485 imbibita
728 2419 890 2507 opinione
913 2418 1051 2484 haerere
1073 2425 1108 2484 et
1142 2418 1252 2485 veluti
1274 2417 1499 2504 pertinacem
1537 2504 1548 2513 ἡ

345 2565 379 2608 se
403 2543 576 2625 exhibere,
600 2566 712 2630 neque
734 2566 796 2631 pro
820 2543 988 2630 oppositis
1017 2543 1300 2609 contradictionis
1327 2543 1500 2630 partibus

345 2668 492 2733 iudicem
524 2691 558 2733 se
590 2668 809 2735 constituisse
838 2668 933 2754 prius
962 2690 1066 2753 quam
1093 2667 1318 2733 definitorem.
1344 2667 1382 2733 Si
1406 2691 1498 2736 vero

344 2793 502 2880 privatus
519 2801 638 2859 contra
656 2794 848 2880 publicum,
865 2796 1028 2860 obscurus
1048 2801 1168 2859 contra
1187 2795 1370 2877 illustrem,
1390 2793 1500 2880 igno-

278 2930 323 2993 20
345 2921 425 2987 bilis
454 2928 573 2987 contra
600 2922 764 3006 nobilem,
790 2922 967 3008 neglectus
996 2929 1116 2988 contra
1144 2945 1222 2988 eum
1252 2922 1311 3008 qui
1341 2921 1498 2990 alicuius

346 3054 397 3111 est
416 3047 695 3129 existimationis,
713 3047 824 3112 dicere
845 3047 849 3135 Ι
871 3048 967 3131 velit,
981 3048 1023 3112 ad
1035 3047 1122 3113 illud
1134 3054 1186 3112 est
1199 3046 1493 3134 confugiendum,
1527 3066 1606 3130 50
1623 3066 1665 3128 F

346 3172 437 3256 quod
467 3171 601 3237 iustitia
625 3173 732 3236 iustos
755 3170 881 3236 habeat
904 3173 1019 3237 oculos
1047 3180 1082 3237 et
1105 3196 1215 3258 aequa
1238 3172 1336 3238 lance
1359 3195 1496 3261 paupe·

345 3296 392 3360 ris
416 3303 450 3361 et
477 3296 597 3360 divitis
631 3318 748 3361 causas
779 3296 891 3381 audit,
919 3296 1062 3362 discutit
1089 3305 1124 3363 et
1157 3298 1297 3364 iudicat.
1326 3297 1496 3367 Addetur

345 3444 380 3486 se
402 3443 473 3487 non
493 3420 673 3507 desperare
696 3420 737 3484 de
760 3443 877 3486 eorum
901 3423 1087 3507 sententie,
1108 3430 1229 3509 utpote
1249 3445 1348 3509 quoe,
1365 3430 1406 3488 ut
1426 3447 1499 3512 par

278 3557 322 3623 25
345 3555 409 3628 est,
434 3568 504 3611 non
527 3546 678 3632 iniquos,
700 3547 758 3612 sed
782 3569 908 3633 aequos
932 3546 1067 3613 futuros
1086 3547 1217 3613 iudices
1241 3548 1429 3614 existimet.
1452 3550 1498 3618 Si

344 3695 425 3738 vero
445 3673 558 3738 miuus
577 3672 761 3739 benevolos
780 3672 905 3738 habeat
924 3696 966 3738 ex
983 3673 1146 3740 dictionis
1170 3674 1300 3761 inopia,
1317 3674 1433 3761 primo
1454 3677 1502 3742 il·

344 3799 412 3864 lam
433 3799 582 3864 inculcet
600 3804 748 3885 oportet,
766 3806 801 3864 et
819 3807 918 3886 roget
937 3806 971 3863 et
995 3800 1149 3865 obsecret
1168 3800 1273 3887 ipsos,
1294 3821 1338 3864 ne
1362 3799 1500 3888 impos-

347 3925 472 4006 sibilia,
499 3925 567 3989 imo
592 3924 733 3988 minime
768 3927 958 3991 necessaria
974 3981 975 3984 ,
991 3927 1181 4011 requirant,
1209 3925 1500 4010 quandoquidem

346 4049 508 4114 facundia
531 4057 565 4114 et
589 4050 787 4134 eloquentia
805 4051 920 4136 potius
944 4051 987 4115 ad
1011 4051 1280 4117 subvertendum
1304 4048 1499 4140 iudicium,

440 4353 814 4404 5honestataiustitiacF
872 4356 1021 4419 ssnegotio
1041 4357 1063 4404 (l
1128 4357 1300 4406 20nobilem
1321 4354 1503 4417 Gzignobi·

346 4437 402 4488 lem
419 4435 445 4484 F
504 4435 535 4482 23
552 4434 662 4496 audiat,
682 4433 818 4484 discutiat
835 4439 864 4482 et
877 4435 988 4500 judicet
1007 4435 1030 4484 G
1093 4437 1124 4486 27
1141 4436 1267 4486 inculcet
1283 4435 1318 4484 F:
1332 4436 1453 4488 incuset
1471 4441 1502 4491 G
