3390 5122
592 421 786 465 sarrrrcrvn
800 420 1016 482 -rraonsrm,
1039 422 1059 466 1.
1338 405 1397 464 367

253 577 318 661 tio;
337 578 523 665 praecipua
541 600 622 643 vere
642 577 851 645 defensionis
870 579 945 644 loca
961 586 1056 663 sunt,
1078 600 1165 663 quae
1184 575 1397 643 aeeusatieni

206 757 210 765 .
253 703 371 769 eodem
401 704 628 770 adversantur
652 703 780 769 ordine.
801 701 839 768 Si
867 726 935 791 qua
965 725 1047 770 vero
1076 710 1157 770 sunt
1187 702 1395 783 difficiliora,

253 850 370 895 eorum
387 851 520 915 semper
539 828 745 895 dexteritate
765 828 914 916 quadarn
926 829 1117 895 differenda
1131 829 1187 895 vel
1203 827 1271 895 alio
1288 833 1398 893 trans·

252 953 394 1019 ferenda
424 960 476 1020 est
506 955 697 1041 responsio,
723 962 860 1042 utpote:
891 954 974 1021 ‘eur
996 977 1067 1021 non
1091 955 1129 1020 in
1155 960 1320 1042 promptu
1345 975 1396 1017 re·

208 1089 228 1151 5
252 1078 432 1167 sponsio?'
454 1077 560 1155 Quasi
577 1080 718 1167 gravius
734 1102 960 1169 responsurus
975 1087 1055 1168 post
1073 1081 1281 1168 praemistsa
1298 1100 1399 1166 quae·
1426 1078 1498 1145 82
1511 1079 1555 1140 F

252 1204 332 1271 dam
358 1210 393 1270 et
421 1213 609 1292 repurgata
632 1206 712 1272 huie
729 1207 922 1294 quaestioni
950 1213 985 1273 te
1008 1205 1268 1273 satisfacturum
1287 1204 1393 1288 dicae,

252 1352 320 1416 qua
339 1329 506 1397 dilatione
537 1330 626 1397 ratio
645 1331 705 1396 illa
735 1331 907 1416 turbetur,
932 1339 967 1398 et
997 1332 1163 1399 memoria
1185 1330 1394 1420 proferentis

253 1455 421 1521 eludatur.

388 1582 415 1646 1.
441 1581 552 1647 Locus
573 1603 655 1669 ergo
680 1581 890 1649 defensionis
908 1585 946 1648 in
969 1605 1095 1669 genere
1114 1589 1166 1649 est
1193 1605 1213 1648 a
1231 1603 1394 1669 repurga

187 1711 229 1774 10
254 1706 347 1773 tione
366 1705 541 1772 rationum
558 1729 621 1794 per
640 1707 830 1773 contrarias
849 1708 1010 1774 rationes.

385 1833 415 1896 2.
440 1831 546 1897 Evia
570 1830 739 1899 adductae
757 1833 908 1899 rationes
927 1815 998 1898 non
1017 1838 1099 1899 sunt
1117 1833 1280 1898 effieaoea

384 1959 415 2022 3.
439 1957 495 2023 Ab
514 1957 700 2044 iniquitate
724 1966 759 2023 et
778 1958 929 2041 defectu,
957 1959 1017 2045 qui
1035 1965 1151 2046 potest
1174 1957 1325 2024 inveniri
1356 1958 1393 2023 in

251 2087 458 2148 accusatore.

382 2208 413 2274 4.
438 2209 495 2275 Ab
529 2208 732 2296 integritate
763 2211 929 2296 accusati,
959 2189 1079 2276 eontra
1117 2232 1220 2296 quem
1261 2209 1390 2296 agitur,

186 2332 228 2397 15
251 2340 373 2421 utpote
391 2333 429 2399 in
448 2356 550 2420 quem
569 2357 638 2401 non
659 2334 778 2400 eadere
793 2342 909 2422 posset
927 2334 1125 2402 huiusmodi
1145 2335 1327 2402 aecusatie.

384 2460 414 2524 ὗ.
441 2459 473 2524 Α
492 2458 635 2525 testium
653 2459 920 2528 conditionibus,

384 2584 414 2648 6.
438 2585 471 2650 A
501 2584 611 2672 signis
642 2594 677 2651 et
704 2585 855 2671 indiciis,
887 2608 975 2672 quae
1007 2608 1078 2653 non
1111 2593 1193 2653 sunt
1223 2587 1391 2653 eiusmodi

248 2709 424 2796 praetensi
443 2711 585 2776 effeetus
610 2710 816 2797 necessario,
847 2711 903 2777 vel
922 2733 1011 2798 quae
1033 2718 1179 2799 possunt
1199 2735 1271 2777 esse
1290 2712 1392 2798 signa

250 2835 500 2902 contrariorum
520 2858 580 2902 seu
599 2836 850 2924 oppositorum,
870 2837 926 2903 vel
945 2859 1033 2922 quae
1048 2836 1213 2924 pleraque
1233 2836 1302 2902 alia
1317 2858 1393 2924 poa·

182 2966 227 3032 ‘20
250 2966 331 3025 sunt
349 2959 561 3046 significare,
588 2961 645 3026 vel
675 2960 756 3047 quia
779 2961 953 3028 stantibus
982 2962 1026 3028 iis
1057 2963 1099 3027 ob
1125 2961 1229 3026 aliam
1254 2983 1391 3027 oausam

248 3085 374 3170 aliquis
394 3085 673 3152 commoditatem
692 3094 727 3153 et
743 3110 863 3153 ansam
878 3087 1041 3175 patrandi
1057 3086 1222 3153 facinoris
1239 3085 1391 3175 arripue-

247 3210 306 3295 rit,
326 3233 366 3276 ea
385 3210 508 3277 duetus
535 3234 608 3298 epe,
630 3213 634 3298 1
658 3234 726 3297 qua
749 3212 788 3278 in
806 3213 899 3278 hune
926 3212 1040 3300 ipsum
1059 3213 1115 3278 vel
1145 3235 1200 3278 me
1226 3211 1390 3278 delictum
1416 3218 1485 3282 83
1500 3219 1545 3280 F
1614 3203 1617 3210 ¹

249 3335 487 3402 transferetur.

383 3461 412 3525 7.
440 3459 478 3526 Si
508 3461 644 3529 facinus
673 3469 725 3529 est
753 3469 1004 3550 perpetratum,
1034 3463 1085 3528 ite
1111 3471 1151 3527 ut
1180 3461 1391 3527 dissimulari

185 3592 228 3656 ‘25
251 3593 401 3672 nequeat
424 3593 459 3652 et
482 3595 522 3653 ut
541 3586 682 3654 fatearis
701 3611 838 3654 neeesse
858 3588 917 3671 sit,
943 3588 985 3653 da
1005 3609 1158 3675 operam,
1178 3587 1208 3653 si
1226 3587 1391 3674 possibile

248 3717 314 3794 est,
345 3710 388 3776 ad
417 3711 549 3778 iustum
581 3712 721 3813 aliquod
752 3713 965 3802 principium
987 3721 1021 3779 et
1050 3735 1188 3779 eausam
1212 3712 1389 3778 referatur.

251 3835 288 3901 Si
308 3860 389 3903 vero
409 3838 453 3905 ad
472 3838 600 3905 iustam
618 3861 757 3905 eausam
781 3861 852 3905 non
871 3839 974 3906 datur
997 3839 1129 3926 aditus,
1146 3838 1391 3906 recurrendum

251 3969 303 4027 est
326 3964 370 4029 ad
388 3987 499 4048 essue,
530 3965 575 4030 ad
605 3964 821 4031 inordinatos
853 3974 1013 4048 eventila,
1043 3987 1190 4052 quorum
1221 3964 1391 4029 rationem

252 4087 377 4154 habere
396 4091 525 4155 iustum
548 4098 614 4174 est,
635 4096 670 4155 et
693 4089 944 4156 ostendendum
967 4111 1038 4155 non
1056 4090 1194 4176 iniquos
1213 4113 1286 4156 esse
1305 4089 1392 4155 iudi·

340 4307 371 4356 14
393 4306 559 4372 (aecusati,)
584 4307 624 4357 F:
650 4308 818 4372 (accusati),
845 4306 869 4358 G
954 4309 984 4360 15
1005 4310 1098 4373 possit
1123 4307 1147 4359 G
1227 4309 1257 4358 17
1279 4310 1339 4359 sint
1365 4310 1389 4360 G

247 4388 286 4438 18.
298 4387 331 4439 20
346 4388 460 4451 possint
476 4392 539 4438 tutte
551 4403 564 4437 a
578 4386 628 4438 duo
643 4387 744 4438 avone
758 4387 782 4439 G
845 4389 878 4439 22
895 4403 952 4455 qna
963 4389 999 4440 F:
1015 4388 1092 4454 quod
1103 4392 1127 4451 (e
1141 4389 1334 4442 transferatur
1347 4391 1392 4443 acl

248 4468 309 4534 ripe
323 4473 454 4535 sequente)
471 4466 495 4518 G
557 4470 589 4518 ‘26
606 4474 661 4531 est,
679 4475 738 4528 <ut>
751 4468 825 4520 ade
