3390 5122
516 413 561 458 nn
584 414 826 461 courosmrouu
847 416 1025 479 ruloruvu,
1048 419 1095 464 111.
1317 407 1376 464 313

648 720 879 768 Qululumdcclmum.
901 722 966 762 Alea.

324 941 341 986 ‘l
369 927 527 994 Eundem
551 951 611 994 rex
635 935 793 1010 coronat,
824 930 983 1016 pontifex
1010 931 1132 1018 ungit,
1158 954 1261 1016 eques
1291 934 1376 997 arri-

235 1052 300 1138 pit,
330 1075 420 1118 mors
448 1052 598 1140 perimit.
621 1053 744 1138 Itaque
773 1061 808 1120 et
838 1054 875 1120 in
903 1056 1022 1121 eodem
1045 1078 1251 1143 permanens
1275 1058 1377 1123 vesti-

237 1179 309 1264 gio,
335 1179 442 1244 variis
465 1179 608 1244 affectus
627 1179 781 1263 casibus,
806 1179 976 1246 indicabit
999 1181 1124 1246 omnia.

592 1466 781 1507 sextusdecimus.
799 1468 1024 1518 cumpunctionem.

327 1694 344 1740 l
373 1679 545 1758 Quattuor
567 1686 649 1745 sunt
672 1679 859 1765 qualitates
892 1680 1017 1765 AEIO,
1043 1703 1190 1766 quarum
1213 1689 1377 1770 quattuor

233 1812 315 1872 sunt
338 1805 376 1870 in
399 1805 577 1871 elementis
596 1805 776 1893 possibiles
796 1805 1082 1873 combinationes:
1103 1807 1154 1872 AI
1177 1808 1328 1875 calidum
1343 1817 1378 1876 et

235 1930 431 2013 humidum,
457 1929 519 1996 AO
544 1930 694 1996 calidum
718 1938 752 1995 et
776 1931 919 2015 siccum,
943 1932 993 1998 EI
1016 1932 1184 2019 frigidum
1208 1941 1243 2000 et
1265 1934 1377 2000 humi-

235 2057 336 2139 dum⁷
361 2056 421 2122 EO
445 2054 613 2143 frigidum
632 2063 666 2121 et
685 2055 822 2122 siccum.
844 2057 912 2122 Pro
935 2056 979 2121 iis
1002 2064 1271 2145 sunthuattuor
1290 2083 1377 2126 cam·
1402 2069 1509 2134 207

170 2188 212 2251 10
234 2183 280 2271 pi.
299 2182 397 2248 Varii
421 2181 567 2248 subinde
585 2191 668 2248 sunt
690 2182 818 2269 gradus
838 2183 1056 2269 qualitatum.
1076 2185 1143 2250 Pro
1168 2184 1211 2250 iis
1234 2208 1316 2272 ergo
1339 2187 1376 2252 in

233 2308 380 2396 singulis
404 2329 603 2395 camporum
628 2307 724 2373 varia
738 2314 819 2373 sunt
834 2307 937 2392 atria,
958 2316 992 2375 et
1016 2307 1053 2374 in
1072 2308 1171 2374 atriis
1195 2310 1292 2376 varia
1318 2311 1375 2399 [in]

233 2433 421 2500 secundum
450 2432 629 2521 proprium
657 2432 813 2499 ordinem
841 2432 983 2517 cubilia,
1004 2434 1187 2519 inquibus
1211 2435 1378 2523 cuiusque

233 2560 282 2625 rei
302 2559 368 2625 tibi
388 2565 544 2625 occurret
567 2557 690 2644 imago.
713 2558 759 2624 Et
774 2581 845 2624 non
863 2568 915 2624 est
933 2559 1097 2646 possibile
1120 2562 1176 2626 vel
1200 2559 1317 2644 facile,
1337 2571 1377 2628 ut

234 2710 336 2774 quem
359 2708 429 2752 uno
448 2686 486 2751 in
505 2684 580 2753 loeo
603 2692 737 2751 attente
760 2685 887 2751 videris
905 2691 997 2770 (cum
1016 2685 1128 2773 operis
1152 2687 1296 2773 inquam
1320 2711 1378 2775 ap-

169 2822 210 2885 15
233 2813 433 2900 plicatione)
449 2813 487 2878 in
506 2813 574 2878 alio
597 2812 725 2877 vidisse
744 2818 779 2877 te
794 2812 905 2899 possis
928 2812 1135 2878 existimare.
1155 2813 1210 2878 Ita
1236 2812 1278 2878 de
1302 2814 1379 2879 reli-

234 2939 311 3023 quis
335 2938 644 3004 enumerandamm
668 2959 783 3003 rerum
805 2938 990 3024 generibus
1014 2939 1057 3004 ad
1080 2962 1158 3005 sues
1183 2938 1307 3005 classes
1326 2962 1376 3005 re·

233 3062 385 3129 ferendis
408 3064 605 3151 providebo.

589 3352 719 3401 Aesculapll
734 3352 821 3391 domus.
837 3351 901 3392 xv11
915 3351 1021 3401 sigillum.

322 3572 338 3618 u
363 3559 426 3622 Est
450 3556 576 3621 atrium
600 3554 693 3641 quod
716 3554 845 3620 inferni
868 3554 1078 3620 vestibulum
1103 3554 1207 3640 vulgo
1231 3554 1375 3641 dicitur,

167 3691 211 3754 20
233 3683 294 3748 ubi
317 3682 486 3769 pallentes
501 3680 664 3746 habitant
686 3679 798 3745 morbi
818 3688 853 3745 et
875 3678 946 3744 suis
970 3701 1005 3743 se
1024 3685 1188 3765 promunt
1208 3678 1374 3745 facillime

233 3807 387 3873 vultibus
407 3814 442 3872 et
465 3806 652 3872 ordinibus
674 3805 763 3870 Sunt
787 3803 872 3870 alibi
896 3803 1064 3887 ciborum,
1087 3802 1285 3887 herbarum,
1309 3805 1375 3870 cle

234 3955 325 4016 rum,
356 3931 524 4019 lapidum,
554 3952 745 4012 succorum,
775 3928 942 4013 radicum,
976 3928 1188 4016 simplicium
1219 3937 1253 3994 et
1286 3951 1375 3994 com-

233 4057 437 4144 positorum,
458 4079 606 4140 mensae,
624 4055 729 4138 horti,
747 4055 880 4139 thecae,
898 4054 1066 4137 officinae,
1083 4055 1240 4142 lagenae,
1266 4077 1286 4120 a
1303 4054 1374 4141 qui·

235 4184 297 4250 bus
321 4206 382 4270 per
405 4181 648 4268 Aesculapium
672 4179 873 4247 manuducti
898 4185 1054 4265 carpunt.

326 4462 457 4511 5surrvs
474 4455 660 4522 nucruvsleic)
724 4459 850 4523 maccho
913 4458 945 4507 24
962 4454 1149 4521 Asculapium

367 4573 442 4611 Brun}
462 4572 515 4620 Opp.
528 4573 568 4610 lat.
581 4571 645 4619 1{‚³.
1187 4567 1214 4606 du
