3390 5122
451 697 755 745 nxannmrrrsslno
776 700 819 744 ΕΤ
839 702 919 746 ΑΒΜ.
940 702 1015 746 BEV.
1037 702 1070 745 Ι).
1090 703 1121 745 D.

260 874 562 973 sconelo
616 875 838 974 MYLIO
890 878 1312 978 AVGVSTANO

490 1097 705 1134 wmansnuansis
722 1099 878 1135 nonomen
895 1100 1082 1136 cracatonno

424 1292 735 1372 IORDANVS
777 1296 823 1370 B.
863 1292 1144 1372 NOLANVS

701 1524 736 1590 S.
766 1525 803 1590 P.
833 1525 875 1590 D.

303 2348 404 2415 circa
419 2346 637 2435 propositum
655 2346 851 2415 venationis
875 2372 1045 2436 campum,
1067 2349 1355 2415 excellentissime

215 2473 378 2560 Domine,
392 2473 592 2540 innumeros
604 2497 784 2561 perperam
796 2475 992 2540 laborantes
1007 2474 1260 2561 circumspicio,
1277 2475 1359 2540 dum

216 2622 257 2665 ex
280 2599 323 2664 iis
347 2599 488 2685 quidam
511 2605 590 2686 post
612 2599 825 2666 tumidorum
850 2599 1169 2686 grammatistarum
1193 2599 1266 2685 (qui
1294 2599 1358 2665 sub

161 2756 168 2773 ·
216 2725 329 2791 titulis
347 2725 433 2791 artis
457 2724 669 2808 invectivae,
690 2724 898 2790 indicativae
917 2733 952 2791 et
976 2725 1133 2809 aliarum,
1155 2725 1184 2791 si
1203 2724 1270 2791 diis
1288 2726 1361 2812 pla·

152 2848 194 2910 10
217 2858 285 2933 eet,
301 2850 457 2916 omnium
475 2849 630 2916 infinitas
650 2872 720 2916 non
739 2858 874 2915 cessant
893 2860 1080 2918 stercorare
1098 2851 1257 2936 paginas)
1276 2849 1360 2916 futi-

216 2974 265 3041 les
283 2975 544 3063 praeceptiones
563 2975 634 3041 avii
652 2998 709 3042 eos
729 2976 913 3042 consulunt
929 2977 1113 3063 agricolas,
1132 2976 1192 3063 qui
1211 2977 1255 3042 ad
1274 2976 1359 3041 alios

216 3122 294 3165 cum
313 3099 474 3166 bubulcis
493 3122 594 3186 agros
618 3100 820 3166 excolendos
839 3106 953 3167 essent
971 3102 1131 3188 aptiores.
1152 3101 1225 3167 Alii
1244 3103 1359 3169 nescio

217 3246 286 3309 qua
312 3223 505 3290 literatorie
533 3224 694 3291 methodo
722 3232 956 3292 monstruosas
982 3234 1237 3315 exaucupantes
1264 3250 1358 3313 aves,

217 3349 299 3415 dum
320 3348 506 3437 fragilibus
527 3373 690 3416 exsucoae
710 3350 844 3416 arboris
866 3351 973 3416 ramis
990 3350 1206 3436 innituntur,
1224 3352 1294 3418 illis
1308 3357 1361 3433 (ut

152 3471 193 3535 15
217 3480 268 3539 est
287 3474 444 3562 apprime
458 3474 700 3559 necessarium)
717 3476 956 3542 deficientibus
976 3483 1010 3542 et
1026 3477 1192 3565 abreptis,
1210 3477 1248 3542 in
1267 3499 1362 3544 saxo·

216 3623 292 3666 sum
316 3623 476 3688 campum
494 3601 686 3667 methodica
704 3601 907 3687 recidentes,
928 3626 1046 3669 earum
1065 3626 1150 3689 quas
1173 3602 1361 3690 captabant

216 3725 333 3792 avium
353 3726 523 3811 (inanium
539 3726 700 3793 tidelicet
719 3728 987 3814 cogitationum,
1004 3751 1092 3816 quae
1111 3727 1149 3794 in
1164 3727 1247 3793 nido
1267 3727 1364 3815 igno·

216 3851 351 3918 rantiae
378 3875 506 3940 pravae
534 3851 773 3939 dispositionis
806 3853 912 3941 pullis
942 3854 1124 3937 incubant)
1155 3853 1363 3919 miserabilis

216 4000 293 4042 esca
311 3978 411 4044 fiunt.
431 3977 600 4043 Nonnulli
620 3977 738 4043 servili
762 3983 796 4043 et
815 3978 1010 4047 adulatorio
1031 3980 1180 4065 quodam
1200 3979 1364 4065 obsequio

150 4104 195 4168 20
217 4126 274 4170 eos
292 4101 360 4168 sibi
379 4103 483 4173 duces
499 4101 676 4189 iactitant,
695 4103 756 4190 qui
768 4105 948 4171 venatorio
968 4128 1075 4171 cornu
1095 4127 1165 4171 non
1184 4111 1257 4172 tam
1276 4105 1363 4170 bene

1380 642 1531 705 aar?

1380 728 1544 796 ’70561

217 4226 255 4292 in
267 4225 357 4293 ludis
368 4249 567 4314 puerorum,
580 4250 684 4313 quam
698 4227 736 4294 in
752 4237 871 4316 aperto
888 4235 923 4295 et
938 4229 1242 4317 pbilosopholrum
1258 4251 1365 4315 augu·
1388 4244 1420 4292 a
1433 4231 1542 4294 2'P

311 4493 325 4543 l
341 4489 494 4544 admodum
506 4491 665 4544 reverendo
679 4493 719 4542 e4
735 4492 754 4543 J
756 4492 816 4542 ord.
831 4493 948 4544 Branus
960 4493 1025 4546 Nol.
1042 4494 1066 4544 G
