3390 5122
563 398 757 466 'assiriorum
779 423 982 487 erucarum,
1005 426 1026 470 1.
1135 413 1138 418 “
1305 414 1362 472 341

226 569 276 634 tio
298 571 343 634 ad
365 593 437 636 rem
463 570 656 640 faciendam
679 579 735 644 vel
759 577 1030 665 adipiscendam,
1054 581 1085 645 4.
1114 582 1252 670 adeptio
1276 606 1364 670 quae

225 717 289 761 usu
313 696 431 762 venire
454 702 642 766 consuevit.

315 820 553 892 Necessarium
581 846 663 891 vero
691 826 789 893 iuxta
817 850 879 895 sua
899 831 903 913 Ι
924 831 1078 897 membra
1101 837 1153 897 est
1177 831 1269 917 quod
1293 853 1364 898 non
1388 835 1458 898 32
1472 836 1517 897 F

227 949 279 1010 est
302 946 339 1011 in
362 953 481 1013 nostro
505 950 663 1033 arbitrio,
687 974 799 1038 neque
818 959 971 1020 anostra
993 961 1166 1043 potestate
1185 955 1364 1043 dependet,

182 1069 285 1136 bsed
307 1078 360 1137 est
383 1094 488 1159 penes
511 1073 624 1141 Deum
646 1077 702 1143 vel
724 1075 900 1146 fortunam
923 1080 978 1146 vel
1002 1081 1082 1146 vim.

699 1417 799 1484 OAP.
834 1418 899 1485 III.

464 1581 525 1622 Loca
538 1582 619 1630 qulbus
633 1582 759 1635 agendum,
774 1584 812 1624 nbi
827 1584 882 1624 utile
897 1584 992 1625 honuto
1004 1589 1123 1636 repugnat.

314 1822 421 1888 Porro
440 1821 645 1909 quandoque
664 1823 752 1889 duae
770 1829 1010 1890 controversae
1032 1828 1149 1908 partes
1169 1827 1289 1888 mutuo
1309 1821 1366 1887 ob-

225 1943 363 2030 sistant,
385 1946 467 2032 quia
491 1946 599 2013 altera
625 1968 742 2012 aarum
765 1947 808 2013 de
831 1947 925 2032 utili,
950 1947 1059 2013 altera
1078 1945 1121 2012 de
1144 1946 1289 2013 honesto
1313 1945 1364 2011 di-

161 2070 202 2134 10
225 2077 352 2158 sputat.
377 2071 544 2137 Rationes
567 2072 700 2159 primae
727 2079 851 2138 sunta
878 2094 976 2159 pace,
1002 2094 1022 2137 a
1048 2071 1320 2157 tranquillitate,
1345 2093 1365 2136 a
1406 2070 1408 2075 ’

224 2196 421 2279 securitate,
442 2219 462 2262 a
485 2196 725 2284 vectigalibus,
753 2220 772 2263 a
794 2196 964 2284 pecuniis,
988 2194 1136 2280 divitiis,
1161 2196 1204 2263 ab
1227 2195 1365 2262 honori·

223 2322 288 2388 bus
312 2327 347 2387 et
369 2321 615 2409 dignitatibus,
638 2344 658 2388 a
680 2321 862 2410 praesidiis
886 2321 1107 2408 assequendis
1131 2328 1166 2386 et
1194 2321 1363 2408 augendis

224 2469 284 2512 seu
302 2445 650 2535 adaugumentandis,
671 2455 705 2514 et
724 2470 744 2513 a
765 2446 852 2535 fuga
870 2469 987 2513 eorum
1010 2468 1097 2533 quae
1114 2445 1169 2512 his
1188 2447 1362 2513 contraria

223 2577 315 2637 suut.
327 2571 485 2638 Secunda
497 2593 579 2638 vero
594 2580 745 2639 econtra
761 2571 906 2660 opponit
919 2571 1100 2658 antiquam
1115 2572 1240 2658 legem,
1253 2593 1364 2637 exem·

159 2701 201 2764 15
222 2697 282 2782 pla
305 2697 486 2782 maiorum,
506 2697 567 2784 qui
590 2719 652 2763 uos
670 2703 942 2786 praecesserunt,
961 2696 1021 2781 qui
1043 2718 1116 2762 rem
1138 2704 1174 2762 et
1196 2696 1361 2764 honorem

223 2821 324 2888 uobis
347 2829 568 2910 pepererunt,
584 2823 797 2910 posteritatis
814 2844 950 2909 quoque
966 2822 1136 2910 exempla,
1154 2844 1242 2907 quae
1258 2822 1362 2889 susci·

222 2968 303 3033 pere
320 2946 431 3035 possit
459 2957 486 3013 a'
506 2947 621 3031 nobis,
644 2969 689 3013 ne
712 2947 874 3014 similiter
896 2946 965 3035 ipsi
987 2968 1050 3012 nos
1068 2946 1218 3035 perdant
1240 2953 1275 3013 et
1298 2969 1360 3013 nos
1385 2951 1509 3015 33F

222 3071 320 3155 ali0s;
344 3072 533 3139 utilitatem
557 3072 655 3157 item,
681 3094 770 3159 quae
792 3094 834 3138 ex
857 3071 1037 3138 honestate
1060 3071 1301 3159 proficiscitur.
1322 3072 1365 3138 In

220 3197 286 3263 hoc
304 3219 385 3263 casu
407 3203 544 3286 oportet
565 3196 692 3264 habere
710 3196 880 3264 rationem
894 3217 1134 3284 personarum,
1154 3202 1226 3263 tam
1245 3219 1364 3263 earum

155 3331 198 3397 20
222 3344 309 3408 quae
332 3322 465 3405 dicunt,
491 3345 595 3408 quam
619 3344 734 3390 earum
763 3343 879 3388 eoram
903 3321 1027 3409 quibus
1051 3321 1187 3388 dicitur.
1219 3323 1265 3389 Et
1289 3322 1365 3409 qui·

221 3447 299 3512 dem
323 3469 411 3534 quae
428 3448 652 3535 persuadent,
675 3447 730 3514 vel
761 3453 843 3514 sunt
865 3447 1022 3536 privatae
1040 3468 1206 3536 personae
1225 3448 1281 3513 vel
1298 3471 1365 3535 pu·

220 3573 345 3658 blicae,
367 3572 371 3660 Ι
392 3580 512 3661 utpote
525 3572 562 3639 in
578 3572 789 3640 authoritate
806 3573 862 3639 vel
874 3572 938 3638 sub
953 3579 1125 3661 potestate
1139 3572 1362 3658 constitutae,
1389 3574 1486 3641 128
1500 3572 1541 3638 G

219 3706 370 3784 suntque
393 3703 572 3765 exorantes
595 3698 650 3764 vel
673 3697 925 3786 praecipientes
949 3704 983 3764 et
1006 3697 1219 3782 ordinantes,
1239 3696 1361 3765 docen-

219 3831 283 3908 tes,
303 3823 590 3909 demonstrantes,
608 3824 853 3911 persuadentes
868 3823 924 3890 vel
940 3823 1170 3910 inquirenteS,
1188 3822 1362 3891 sciscitan-

153 3954 197 4017 25
221 3957 285 4026 tes,
301 3957 543 4038 proponentes.
559 3951 603 4015 In
618 3949 672 4016 his
688 3972 724 4017 se
738 3949 975 4036 unusquisque
990 3956 1157 4037 tanquam
1172 3949 1210 4014 in
1223 3948 1361 4036 speculo

219 4075 487 4163 contempletur,
511 4096 579 4161 quo
607 4075 722 4161 vultu,
748 4096 816 4160 quo
844 4081 958 4162 gestu,
984 4096 1052 4161 qua
1080 4073 1270 4162 gravitate,
1295 4096 1362 4160 qua

219 4201 429 4284 humilitate,
449 4222 517 4287 qua
539 4200 726 4267 autoritate
752 4223 812 4266 seu
830 4199 1072 4284 submissione,
1092 4199 1272 4265 alacritate
1302 4220 1361 4265 seu

309 4396 525 4448 8.9obsistunt
547 4396 572 4446 θ
651 4396 680 4445 18
698 4394 1007 4460 adaugmentandisG
1085 4394 1361 4446 22auotoritate6

216 4478 247 4526 24
263 4479 429 4540 *ingrsntoa
444 4475 503 4539 (aa)
516 4474 553 4525 F:
568 4475 734 4539 ingerentes
750 4475 774 4527 G
835 4476 868 4526 27
885 4476 1044 4526 autoritate
1058 4476 1096 4527 F:
1112 4474 1326 4527 auctoritates}
