3390 5122
526 439 720 484 inrrricrvn
742 438 947 499 rasorium,
968 437 1001 481 11.
1274 422 1332 481 387

193 600 282 666 ratio
300 599 406 687 primi
425 598 614 686 alphabeti,
635 620 703 683 quo
728 598 890 664 videlicet
914 597 1087 684 sinlgulas
1110 596 1251 684 phrases
1275 620 1335 663 seu
1361 591 1506 656 rm*

192 725 371 812 generales
405 723 604 790 affectiones
642 723 741 789 iuxta
772 723 1020 788 elementorum
1058 744 1245 789 numerum·
1279 744 1334 788 va·

193 853 332 919 riamus.

284 978 461 1045 Secundus
493 978 575 1044 ordo
604 985 656 1043 est
683 1000 745 1066 per
773 977 988 1058 descensum,
1009 976 1107 1060 quasi
1129 998 1192 1063 per
1219 976 1335 1064 capita

149 1116 372 1188 bversuum,
401 1106 439 1171 in
468 1129 535 1193 quo
563 1113 705 1172 notatur
735 1105 825 1170 ratio
854 1102 995 1169 secundi
1026 1102 1215 1190 alphabeti,
1245 1102 1338 1188 quod

196 1259 238 1301 ex
261 1236 372 1323 primo
398 1235 581 1323 alphabeto
612 1234 809 1316 deducitur,
829 1254 957 1319 genera
988 1232 1155 1318 quaedam
1179 1231 1336 1319 eligendo

196 1385 237 1428 ex
267 1362 431 1449 hisquae
454 1362 492 1428 in
515 1362 627 1450 primo
653 1361 839 1449 alphabeto
873 1360 983 1426 veluti
1011 1360 1050 1425 in
1080 1360 1210 1448 species
1233 1360 1338 1427 resol-

197 1495 337 1553 vuntur.

286 1611 424 1677 Tertius
444 1610 526 1677 ordo
546 1610 695 1677 indicta
720 1611 876 1678 mensula
896 1611 950 1677 vel
976 1612 1087 1699 figura
1117 1620 1259 1678 notatur
1277 1634 1339 1699 per

132 1746 174 1809 10
197 1742 445 1819 transversum,
466 1759 544 1802 cum
563 1736 726 1801 videlieet
745 1761 765 1803 a
784 1737 891 1803 simili
909 1743 993 1804 uota
1017 1737 1185 1825 superiori
1204 1738 1260 1803 vel
1284 1737 1338 1804 in·

195 1861 314 1928 feriori
333 1862 549 1929 ascendimus
568 1863 623 1928 vel
643 1862 881 1929 descendimus
901 1865 1050 1950 oblique.

284 1988 349 2053 His
368 1987 455 2053 adde
480 1996 641 2073 quartum
665 1989 836 2073 ordinem,
856 1989 993 2074 quando
1018 2011 1037 2054 a
1061 1989 1230 2077 superiori
1255 1998 1338 2056 nota

196 2113 240 2178 ad
259 2113 456 2180 inferiorem
472 2123 565 2181 recta
585 2114 831 2181 descendimus.

285 2239 407 2306 Stante
423 2240 532 2326 igitur
551 2240 683 2324 ordine,
698 2242 758 2328 qui
770 2243 922 2308 arcuales
940 2242 1051 2309 lineas
1068 2242 1241 2329 designat,
1260 2244 1335 2329 qui·

131 2368 172 2432 15
195 2365 261 2430 bus
279 2366 334 2431 vel
350 2388 370 2431 a
386 2367 497 2453 prima
511 2366 555 2431 ad
567 2367 767 2450 secundam,
780 2375 820 2433 ut
832 2369 875 2434 ab
893 2368 924 2433 A
940 2368 984 2435 ad
1000 2369 1042 2454 B,
1061 2368 1116 2434 vel
1131 2391 1151 2434 a
1166 2369 1281 2456 prima
1295 2370 1338 2436 ad

196 2492 349 2576 tertiam,
370 2498 410 2558 ut
421 2493 465 2559 ab
477 2493 510 2558 A
522 2493 564 2558 ad
584 2494 626 2577 G,
645 2494 699 2559 vel
720 2495 762 2560 ab
781 2495 894 2582 prima
914 2495 957 2561 ad
977 2518 1220 2583 quamcunque
1234 2496 1339 2561 aliam

198 2617 448 2704 progrediendo
471 2617 527 2683 vel
551 2618 786 2685 descendendo
806 2620 1011 2705 incedimus,
1038 2630 1077 2686 ut
1100 2620 1268 2708 infigura
1288 2628 1340 2686 est

195 2741 431 2809 manifestum:
451 2743 533 2808 ordo
546 2766 608 2830 per
629 2745 632 2832 l
653 2748 785 2809 rectum
801 2744 947 2811 subinde
963 2753 1028 2830 est,
1050 2745 1103 2810 uti
1126 2745 1181 2811 vel
1201 2745 1244 2811 ad
1260 2745 1339 2811 dex·
1363 2749 1453 2813 118
1466 2750 1511 2813 F’

196 2877 306 2935 teram
334 2869 389 2934 vel
418 2869 462 2934 ad
491 2869 639 2934 inferam
667 2878 802 2956 partem
837 2870 1010 2936 ducuntur
1037 2870 1149 2938 lineae
1176 2871 1232 2937 vel
1261 2894 1341 2958 pro·

129 3002 327 3066 retractae
368 2996 627 3083 intelliguntur,
667 2995 717 3061 ibi
744 2996 827 3061 ordo
864 2997 1071 3084 procedendi
1106 2997 1270 3063 facillime
1304 3006 1339 3063 et

195 3120 484 3204 artificialissime‚
528 3122 606 3209 plus
644 3144 747 3207 quam
786 3122 1005 3188 mediocriter
1047 3131 1099 3188 est
1136 3123 1338 3211 explicatus.

195 3246 482 3332 Quandoquidem
502 3247 639 3333 quando
658 3272 678 3312 a
697 3248 877 3334 designato
900 3270 1025 3333 genere
1044 3248 1264 3335 procedimus
1295 3248 1338 3314 ad

196 3372 341 3460 species,
362 3395 422 3438 seu
451 3395 471 3437 a
502 3380 595 3440 certo
625 3372 778 3459 generali
811 3373 854 3438 ad
884 3381 1016 3438 certum
1045 3373 1269 3460 particulare,
1294 3397 1339 3440 ne

195 3500 388 3587 promiscue
407 3507 442 3564 et
462 3499 602 3565 confuse
626 3499 794 3586 eligamus
823 3501 887 3566 sub
919 3522 1054 3586 quoque
1083 3501 1237 3587 generali
1262 3524 1337 3589 spe·

130 3634 174 3698 25
198 3627 314 3711 cialia,
335 3626 391 3692 vel
408 3625 592 3712 procedere
622 3626 785 3691 debemus
808 3649 869 3712 per
893 3627 1032 3709 scalam,
1061 3627 1104 3693 ab
1125 3627 1156 3692 A
1175 3626 1337 3692 videlicet

196 3752 431 3819 descendendo
447 3753 485 3816 iu
504 3752 547 3836 B,
564 3752 618 3818 vel
632 3752 694 3817 aB
711 3752 748 3816 in
764 3751 807 3835 C,
821 3776 840 3817 a
852 3751 878 3815 O
890 3751 929 3817 in
941 3753 972 3816 D
992 3759 1066 3835 eto,
1079 3753 1135 3818 vel
1149 3775 1211 3839 per
1227 3762 1338 3819 trans-

195 3900 331 3944 versum
351 3877 587 3943 descendendo
607 3900 626 3942 a
643 3876 668 3941 G
688 3878 857 3964 superiori
881 3877 923 3943 ad
948 3877 1089 3960 similia,
1110 3878 1165 3944 vel
1188 3901 1209 3943 a
1232 3878 1264 3943 D
1285 3902 1339 3945 su-

195 4003 324 4090 periori
354 4002 397 4068 ad
421 4002 548 4068 similia
582 4011 645 4067 etc.
674 4003 796 4088 Itaque
827 4011 993 4090 perpetuo
1022 4004 1051 4068 si
1071 4006 1223 4091 coeperis
1254 4003 1339 4069 cele·

196 4128 296 4195 brare
312 4151 420 4194 unum
440 4127 607 4193 orationis
624 4150 746 4214 genus,
768 4136 888 4215 utpote
908 4128 1000 4214 quod
1023 4128 1067 4193 ad
1085 4151 1193 4194 unum
1213 4136 1337 4215 typum

290 4327 670 4391 lalphabeto,velutiFG
740 4324 1342 4392 15.16aprimcaduevela1.ad31‹'

197 4409 228 4460 16
243 4410 280 4460 ab
291 4410 391 4474 prima]
407 4409 442 4458 ab
457 4413 479 4459 l.
493 4408 529 4458 F:
544 4408 664 4473 aprima
678 4409 702 4458 0
751 4408 780 4456 18
797 4409 840 4457 uti
855 4407 891 4456 F:
907 4405 957 4457 ubi
971 4407 1128 4473 correyqeG
1177 4408 1214 4456 18.
1225 4407 1256 4455 19
1272 4405 1339 4456 dcx·

196 4488 309 4540 tramG
373 4486 597 4539 marazan
