3390 5122
554 430 599 473 nn
620 428 860 474 courosrmoun
880 425 1062 488 ruaomvn,
1085 427 1118 471 11.
1340 411 1397 469 271

257 611 319 653 nes
339 587 428 652 circa
447 586 547 652 illurn
572 585 713 669 ludunt,
743 585 820 669 Ino,
851 582 1041 667 Melicerta,
1063 582 1227 663 Glaucus,
1255 581 1400 648 semibu-

257 736 359 778 mana
374 711 485 779 forma
501 711 664 777 inferiore
683 717 781 798 parte
805 710 929 798 pisceS,
954 708 1117 775 Nereides
1149 706 1400 794 pulcherrimae

255 838 359 906 maris
379 837 566 925 nymphae,
586 859 740 904 necnon
769 843 962 903 monstroso
991 857 1132 923 corpore
1155 833 1308 899 Phorcus
1332 855 1401 898 ma·

256 965 372 1031 rinum
391 963 590 1049 inequitans
619 963 816 1046 draconem,
836 963 982 1033 Proteus
1011 959 1199 1047 phocarum
1217 965 1348 1046 pastor,
1366 963 1400 1021 et

212 1095 232 1159 ἴ)
255 1088 323 1156 (100
342 1088 473 1175 insigni
489 1094 673 1156 venustate
691 1088 833 1155 iuvenes
852 1087 974 1154 Castor
991 1092 1095 1172 atque
1114 1084 1251 1170 Polion,
1271 1083 1401 1149 Deuca-

223 1204 226 1210 ’
256 1216 342 1299 lion,
364 1215 510 1302 Asopus

728 1420 827 1472 Neptuni
841 1421 924 1470 imago.

344 1606 362 1653 r
391 1590 559 1677 Sequitur
579 1589 757 1678 Neptunia
776 1588 946 1671 maiestas,
964 1609 1067 1673 quam
1083 1587 1165 1653 love
1184 1585 1299 1651 indole
1318 1584 1401 1650 infe

257 1716 383 1782 riorem
399 1737 469 1782 non
490 1737 705 1803 agnosceres,
732 1713 898 1779 caeruleis
917 1712 1039 1796 oculis,
1059 1711 1230 1778 mediocre
1245 1711 1337 1776 inter
1355 1711 1402 1775 01-

193 1846 235 1909 10
258 1842 341 1908 bum
361 1849 395 1907 et
414 1841 553 1927 nigrum
573 1841 697 1923 colore,
719 1839 820 1925 nigra
844 1837 952 1904 barba
976 1845 1080 1924 atque
1104 1836 1252 1925 capillis,
1272 1835 1402 1901 triden-

259 1973 329 2032 tem
348 1966 468 2031 dextra
487 1988 625 2052 gerens,
651 1964 791 2031 sinistra
808 1963 986 2047 concham,
1007 1962 1066 2028 sed
1089 1986 1109 2029 0
1129 1963 1215 2029 00110
1235 1984 1399 2050 suspensa

260 2113 388 2178 cyaneo
415 2092 526 2157 colore
549 2090 687 2176 syndon
710 2090 761 2156 ita
783 2089 924 2178 pendet,
949 2095 1044 2155 utet
1065 2086 1197 2154 nudum
1217 2088 1221 2172 1
1243 2086 1400 2154 inceden·
1429 2088 1527 2152 16¹7

260 2224 330 2282 tem
348 2216 459 2304 possis
478 2200 599 2282 dicere
619 2216 720 2282 Illius
740 2238 878 2282 currum
898 2215 1040 2282 rostrati
1060 2221 1095 2280 00
1119 2212 1282 2281 inferiore
1300 2218 1400 2300 parte

258 2342 368 2429 pisces
387 2342 531 2407 trahunt
550 2347 716 2426 quattuor
732 2341 827 2426 equi,
846 2340 935 2406 circa
955 2362 1037 2408 vero
1060 2346 1229 2427 apparent
1251 2340 1398 2426 Scyllae,

195 2468 244 2533 15·
259 2465 472 2553 Charybdes,
492 2467 659 2554 Cyclopes
683 2473 718 2532 00
737 2466 918 2531 innumera
939 2471 1157 2553 portentosae
1177 2465 1307 2551 figurae
1326 2465 1399 2530 ani-

258 2592 398 2657 mantia.

725 2779 829 2820 Plutonis
844 2780 926 2829 imago.

347 2959 363 3004 r
393 2945 555 3011 Succedit
573 2945 713 3011 tertiam
732 2945 833 3011 huius
852 2944 973 3010 mundi
991 2951 1125 3032 partem
1144 2969 1267 3033 regens
1285 2948 1399 3031 Pluto,

258 3074 398 3158 nigrum
418 3094 545 3136 numen
564 3079 599 3136 et
616 3072 787 3154 terribile,
808 3072 904 3137 cuius
927 3071 1078 3138 ferreum
1097 3095 1235 3139 currum
1259 3073 1326 3139 duo
1351 3074 1402 3138 ni·

191 3203 235 3265 20
256 3196 553 3283 gerrimitrahunt
572 3196 733 3285 alipedes
750 3197 828 3285 Ipse
841 3196 1017 3263 bidentem
1031 3197 1182 3263 ferreum
1193 3204 1311 3264 vastae
1329 3199 1399 3282 lon·

257 3322 427 3408 gitudinis
447 3344 525 3387 oum
544 3322 671 3388 uncino
689 3322 780 3387 inter
796 3322 881 3388 duos
894 3321 1014 3389 dentes
1030 3322 1143 3389 medio
1160 3322 1300 3388 dextera
1320 3345 1401 3409 qua

256 3448 313 3532 tit,
334 3449 475 3514 sinistra
494 3470 575 3513 vero
601 3448 714 3513 claves
743 3447 847 3514 habet
875 3449 1040 3532 geminas.
1067 3448 1154 3514 Cum
1182 3449 1300 3515 eodem
1320 3456 1401 3514 sunt

257 3581 469 3640 monstrosae
492 3574 636 3657 formae,
665 3574 856 3660 Gorgones,
877 3573 1030 3658 Lamiae,
1058 3574 1248 3661 Harpyiae,
1278 3581 1312 3639 et
1332 3574 1400 3640 alia

257 3700 298 3764 dc
315 3700 451 3765 inferno
469 3699 620 3766 Saturni.

672 3904 788 3945 Fortunae
804 3905 887 3944 lterum
900 3906 983 3956 imago.

345 4083 361 4128 r
392 4071 438 4134 Et
462 4069 537 4135 heic
560 4069 725 4136 bifrontis
753 4069 928 4137 Fortunae
954 4072 1174 4138 simulacrum
1198 4075 1315 4141 videre
1338 4085 1398 4159 est,

259 4195 352 4282 bigis
370 4202 490 4260 vectae
510 4195 632 4277 caecis;
652 4195 808 4282 procedit
832 4219 908 4261 cum
927 4196 986 4262 illa
1009 4197 1267 4286 Immoderatio,
1286 4203 1399 4288 Fuga·

350 4395 504 4446 Ooeruleis
579 4397 609 4444 15
628 4394 786 4446 charibdes
857 4396 887 4444 21
905 4395 997 4445 medio
1015 4396 1141 4465 dextera]
1167 4400 1284 4461 me-loio
1305 4397 1400 4450 dexte-

261 4493 293 4528 ro
309 4473 366 4541 (sic)
431 4476 462 4526 23
478 4475 603 4542 Harpina
