3390 5122
683 395 822 442 Ionnniii
842 395 944 441 Buvrii

668 720 820 788 OAPV'P
855 720 952 787 XIV.

580 872 727 920 Reliquorum
742 871 867 920 sigillorum
881 869 1048 920 compendium.

326 1149 395 1226 Qui
414 1148 664 1214 declaraturum
683 1145 877 1233 sigillorum
896 1145 1057 1234 peritiam
1076 1145 1251 1226 habuerit,
1269 1153 1304 1211 ei
1319 1169 1382 1233 per

237 1297 272 1340 se
297 1273 411 1360 ipsum
435 1272 478 1356 (si
502 1272 557 1338 vel
580 1271 745 1337 mediocri
767 1270 944 1359 praeditus
968 1271 1034 1337 erit
1058 1270 1212 1357 ingenio)
1237 1269 1280 1336 ad
1303 1271 1381 1336 reli·

192 1410 213 1475 5
237 1419 386 1484 quorum
408 1418 478 1462 una
502 1397 558 1462 vel
580 1396 649 1462 alia
672 1396 730 1461 via
753 1395 989 1461 inventionem
1018 1402 1052 1461 et
1081 1395 1293 1483 apertionem
1322 1394 1380 1460 de-

235 1522 354 1588 venire
382 1522 519 1609 poterit.
544 1521 624 1587 Non
653 1528 704 1587 est
728 1543 809 1608 ergo
834 1521 925 1607 quod
949 1521 987 1586 in
1010 1521 1153 1607 reliquis
1176 1519 1380 1608 diligentius

236 1669 442 1735 occupemur
457 1647 688 1734 explicandis.

571 1934 674 1984 Sigillum
690 1934 903 1974 tertiumdecimum.
919 1935 1044 1985 Principes.
1103 1955 1108 1963 -
1403 1923 1519 1988 206

320 2173 337 2221 i
360 2159 550 2226 Duodecim
566 2159 670 2226 habet
685 2158 813 2225 cubilia
824 2159 996 2241 zodiacum,
1012 2181 1157 2245 quorum
1170 2160 1309 2248 singula
1320 2183 1376 2227 va·

168 2297 212 2363 10
235 2287 358 2352 rietate
376 2308 491 2352 rerum
512 2285 659 2351 celebria
678 2291 772 2369 sunt,
792 2284 873 2370 quia
891 2284 1045 2350 membra
1065 2283 1246 2350 duodecim
1269 2285 1375 2351 atrio·

232 2432 309 2477 rum
335 2411 390 2476 vel
405 2433 604 2498 camporum
622 2409 787 2474 distincta
810 2408 1011 2496 concipiunt
1031 2415 1065 2474 et
1085 2407 1254 2475 ordinata.
1279 2409 1376 2475 Haec

231 2535 453 2623 pervagando
478 2535 647 2601 Saturnus
670 2557 789 2620 agene,
807 2533 956 2620 patienS,
974 2534 1074 2617 dane,
1098 2533 1285 2621 recipiens,
1305 2556 1374 2600 uno

232 2662 287 2726 vel
297 2660 366 2727 alio
375 2662 519 2726 affectus
532 2659 642 2743 modo,
656 2658 825 2725 indicabit
841 2658 908 2724 tibi
920 2683 961 2725 ex
978 2660 1113 2726 casibus
1124 2659 1375 2725 accidentibus·

233 2808 300 2870 que
322 2784 392 2852 suis
416 2785 468 2850 sui
493 2792 653 2850 naturam
672 2783 773 2850 modo
798 2785 903 2869 solus,
925 2784 1025 2850 modo
1049 2806 1128 2850 cum
1151 2786 1252 2868 Iove,
1272 2785 1372 2851 modo

166 2918 208 2983 15
233 2935 310 2978 cum
329 2911 407 2978 aliis
431 2912 578 3000 singulis
600 2912 656 2977 vel
678 2911 837 3000 pluribus
862 2910 1031 2977 incedens.

525 3197 748 3244 Quartumdccimum
763 3197 870 3248 sigillum.
886 3199 945 3239 Rota
959 3199 1082 3239 Fortunae.

317 3430 334 3477 i
363 3417 453 3482 Sunt
470 3424 635 3503 quattuor
653 3417 799 3500 lusoreS,
816 3440 960 3502 quorum
975 3419 1122 3504 singulis
1139 3440 1298 3505 campum
1314 3419 1372 3485 tri-

227 3543 295 3609 buo
320 3566 398 3608 cum
419 3543 609 3609 seminibus
629 3565 670 3608 ex
695 3542 863 3609 atriorum
882 3544 937 3608 vel
958 3543 1033 3630 [vel]
1054 3543 1220 3609 cubilium
1239 3544 1370 3610 horreis

227 3669 353 3736 electis.
371 3669 508 3734 Primus
527 3669 631 3734 habet
650 3690 810 3755 eampum
825 3667 870 3750 A,
883 3667 1052 3734 secundus
1072 3691 1231 3756 eampum
1248 3670 1291 3754 B,
1306 3676 1372 3735 ter·

160 3790 205 3853 20
227 3793 296 3859 tius
321 3793 360 3878 Ο,
386 3802 530 3882 quartus
554 3793 594 3858 D.
620 3793 766 3860 Proiicit
789 3794 922 3881 primus
951 3794 1111 3877 stultum;
1136 3794 1262 3859 stultus
1287 3816 1369 3880 ergo

226 3919 329 4007 primi
361 3919 474 4006 campi
503 3919 616 3985 sedem
645 3919 836 4006 occupabit.
863 3919 1039 3985 Secundus
1070 3920 1233 4005 equitem;
1266 3943 1368 4006 eques

226 4046 365 4113 secundi
386 4047 498 4133 campi
518 4046 631 4111 sedem
648 4046 794 4133 accipiet
810 4047 967 4134 primam.
983 4047 1126 4114 Proiicit
1144 4049 1266 4115 tertius
1286 4071 1369 4137 pon·

225 4171 370 4255 tificem‚
393 4172 534 4259 proiicit
558 4180 702 4257 quartus
725 4182 884 4256 mortem,
910 4173 1085 4260 angelum,
1111 4197 1236 4261 regern.

317 4441 597 4492 &tertiumdecirum
663 4444 690 4492 ll
710 4441 857 4506 concipiut
920 4443 950 4492 17
968 4446 1102 4509 quattror
