3390 5122
565 408 610 452 nn
630 408 786 453 arneson
807 408 1006 454 venareum.
1319 391 1358 450 69

217 574 286 633 test
304 590 376 632 esse
395 588 521 652 genus;
543 588 712 650 quaenam
735 566 827 631 enim
847 565 1042 630 differentia
1066 571 1270 652 potestesse
1289 588 1358 631 ma·

218 692 338 775 teriae,
359 691 389 756 si
408 690 519 756 omnis
539 690 736 756 differentia
755 696 851 756 actus
871 697 906 755 et
925 689 1074 778 qualitas
1093 697 1145 755 est
1165 690 1359 774 quaedam?

218 818 249 882 A
268 817 414 884 materia
432 823 549 882 tamen
568 824 619 882 est
634 816 767 902 aliquid
786 816 1003 903 quorundam
1020 821 1219 900 certumque
1236 838 1359 902 genus,

216 950 302 1029 puta
325 942 569 1023 materialium,
590 965 668 1007 cum
687 941 751 1008 hoc
782 950 899 1007 tamen
918 941 1063 1007 materia
1093 964 1156 1006 nec
1174 964 1284 1027 genus
1303 965 1361 1007 ne-

173 1080 194 1146 5
218 1091 284 1154 que
300 1075 393 1134 certa
406 1067 644 1155 completaque
656 1067 785 1155 species
804 1091 875 1133 esse
894 1073 1018 1154 potest.
1031 1066 1359 1152 Vigesimasecunda

218 1217 262 1259 an
281 1193 435 1280 corporei
461 1193 722 1280 incorporeique
750 1214 860 1278 genus
878 1191 968 1257 idem
989 1199 1041 1257 est
1064 1192 1222 1274 allatum,
1242 1192 1361 1257 simili-

218 1326 272 1384 ter
289 1319 421 1384 aeterni
442 1318 446 1406 Ι
467 1324 501 1384 et
518 1317 765 1406 corruptibilis,
786 1318 888 1384 realis
905 1325 939 1383 et
953 1318 1207 1402 intentionaliS,
1224 1318 1360 1405 physici
1386 1321 1467 1386 60Ι
1479 1326 1525 1388 P

218 1451 253 1510 et
271 1443 517 1532 metaphysici,
542 1442 778 1509 mathematici
809 1450 843 1508 et
874 1442 1055 1526 naturalis,
1084 1442 1157 1507 eius
1188 1443 1280 1527 quod
1298 1445 1361 1510 sub

218 1592 312 1635 more
339 1576 375 1633 et
403 1569 476 1634 eius
505 1569 597 1654 quod
623 1574 675 1634 est
703 1569 768 1634 sub
793 1567 1085 1654 contemplatione
1110 1567 1277 1654 positum,
1306 1568 1362 1634 vel

154 1706 196 1769 10
217 1695 365 1761 aliorum
392 1695 551 1760 similiter
577 1693 811 1777 differentum,
838 1717 897 1759 seu
917 1697 968 1778 (ut
987 1694 1148 1781 proprius
1167 1694 1292 1777 dicam)
1311 1693 1361 1759 di-

219 1843 410 1903 versorum,
430 1842 619 1904 quaenunc
632 1819 771 1904 quidem
789 1842 929 1905 genere,
950 1842 1043 1885 nunc
1057 1842 1139 1885 vero
1158 1820 1237 1906 plus
1256 1842 1361 1905 quam

218 1969 344 2033 genere
363 1944 560 2011 differentia
579 1945 668 2011 dixit
688 1945 901 2010 Aristoteles.
927 1944 1210 2030 Vigesimatertia
1234 1967 1279 2009 an
1298 1944 1363 2010 ele·

219 2077 335 2137 menta
355 2092 534 2158 corporum
564 2070 618 2135 uti
651 2091 831 2156 corporum
860 2092 988 2155 genera
1015 2076 1097 2135 sunt
1125 2069 1286 2152 adducta,
1312 2069 1361 2134 ita

218 2197 313 2261 euim
330 2197 500 2262 elementa
519 2217 701 2282 corporum
717 2218 787 2261 non
807 2202 888 2261 sunt
907 2217 1045 2282 corpus,
1066 2194 1155 2259 sicut
1179 2216 1359 2281 nunquam

154 2326 197 2389 lo
220 2322 389 2387 elementa
408 2320 660 2411 magnitudinis
688 2325 769 2386 sunt
789 2320 1005 2406 magnitudo,
1026 2320 1195 2384 elementa
1224 2319 1361 2384 numeri

219 2469 290 2512 non
308 2453 389 2512 sunt
407 2468 582 2528 numerus,
604 2447 773 2511 elementa
792 2445 958 2512 orationis
977 2467 1048 2510 non
1067 2450 1149 2510 sunt
1166 2445 1286 2510 oratic.
1303 2444 1361 2509 Vi·

218 2571 473 2656 gcsimaquarta
508 2593 552 2636 an
584 2578 718 2657 partem
751 2570 923 2657 quispiam
951 2570 1067 2657 posuit
1097 2593 1206 2656 genus
1237 2570 1359 2653 totius;

219 2697 309 2762 male
329 2697 421 2761 enim
440 2719 562 2784 corpus
578 2695 738 2761 animalis
751 2719 860 2781 genus
880 2695 1021 2780 dicitur,
1041 2695 1233 2780 quinimmo
1249 2718 1361 2781 neque

221 2844 343 2909 corpus
360 2821 551 2887 animatum
569 2826 673 2907 prout
692 2820 736 2884 ab
755 2821 932 2886 animante
952 2820 1037 2905 quid
1060 2820 1265 2886 distinctum
1283 2843 1362 2908 pro·

152 2960 197 3024 ⁸20
219 2947 294 3035 prie
318 2946 499 3032 significat.
526 2946 825 3031 Vigesimaquinta
845 2969 890 3010 an
913 2947 1025 3011 locum
1055 2953 1115 3011 aut
1146 2953 1282 3033 tempus
1301 2953 1362 3013 aut

220 3072 315 3136 aliud
333 3071 529 3137 huiusmodi
547 3093 678 3154 eorum,
698 3093 785 3156 quae
804 3070 841 3135 in
860 3071 934 3137 loco
959 3079 994 3136 ct
1016 3078 1171 3159 tempore
1191 3078 1287 3156 sunt,
1306 3097 1363 3159 ge-

221 3220 303 3262 nera
323 3204 404 3263 sunt
417 3203 570 3283 accepta,
587 3195 643 3261 vel
653 3219 671 3260 o
683 3203 804 3261 contra
816 3196 852 3261 id
865 3195 956 3282 quod
968 3203 1020 3261 est
1032 3197 1069 3262 in
1087 3218 1169 3281 quo,
1182 3204 1362 3284 acceptum

221 3328 273 3386 est
292 3321 422 3408 species
441 3321 514 3386 eius
532 3320 623 3405 quod
642 3327 694 3385 est
711 3320 750 3385 in
764 3323 870 3409 (quo).
887 3322 965 3386 Huc
981 3328 1114 3408 spectat
1134 3321 1362 3406 considerare,

221 3446 313 3532 qnod
340 3445 583 3511 universaliter
611 3445 724 3531 ipsum
748 3445 840 3531 quod
865 3446 918 3511 sui
942 3446 1028 3511 iuris
1053 3454 1105 3511 est
1133 3454 1167 3511 et
1192 3455 1364 3534 suscepta·

154 3582 198 3645 25
222 3571 349 3652 culum,
371 3580 406 3635 et
425 3571 460 3635 id
480 3569 571 3656 quod
590 3576 642 3634 est
662 3569 666 3657 Ι
687 3569 830 3635 alterius
846 3586 880 3635 et
896 3571 932 3635 in
947 3571 1028 3656 alio,
1043 3593 1113 3637 non
1128 3579 1274 3659 possunt
1290 3595 1361 3637 mu·
1386 3581 1495 3645 '758
1512 3579 1553 3646 G

221 3702 283 3761 tuo
302 3717 411 3781 genus
439 3717 510 3760 esse
530 3701 633 3779 atque
660 3694 805 3780 species;
824 3695 920 3761 locus
944 3696 1048 3780 enim,
1069 3705 1181 3784 pater,
1202 3698 1359 3783 scientia,

224 3819 412 3886 secundum
431 3819 467 3884 id
490 3819 582 3906 quod
601 3818 812 3904 significant,
832 3820 1082 3904 alicuiussunt,
1100 3823 1191 3908 ignis
1211 3846 1303 3906 vero,
1323 3823 1362 3887 li-

220 3967 339 4031 gnum,
353 3966 442 4030 aqua
454 3949 490 4008 ct
509 3943 648 4028 similia,
664 3944 777 4030 perid
797 3946 888 4030 quod
898 3947 1010 4033 primo
1028 3947 1240 4033 significant,
1254 3947 1364 4034 magis

222 4071 356 4156 aliquid
386 4076 476 4135 sunt.
496 4069 770 4155 Vigesimasexta
794 4095 838 4137 an
862 4073 991 4159 species
1022 4098 1064 4139 ex
1087 4098 1149 4140 sua
1179 4081 1304 4139 natura
1322 4074 1365 4139 ad

156 4185 201 4250 30
224 4198 327 4285 plura
352 4217 480 4280 genera
498 4194 676 4281 pertinens
695 4195 732 4260 in
751 4218 820 4261 uno
851 4197 1070 4286 intelligatur
1099 4201 1196 4266 velut
1214 4201 1366 4280 inclusa3

317 4382 348 4431 10
364 4379 558 4430 differentium
576 4381 714 4445 eproprio
734 4380 758 4430 (J
823 4385 853 4432 18
874 4383 1002 4450 quinimo
1021 4385 1074 4435 AG
1137 4390 1169 4438 20
1184 4388 1279 4437 locum
1298 4386 1363 4436 l’zl:

223 4466 305 4517 locus
319 4462 465 4512 emortuali
528 4462 560 4511 23
576 4479 632 4527 quo
648 4462 684 4512 G:
701 4480 750 4515 om.
766 4465 817 4513 ΡΛ
