3390 5122
765 383 903 429 [OBDANI
924 383 1027 427 Bavur

758 757 910 824 OAPVT
947 757 1030 821 XII.

789 922 869 962 Lunae
882 921 1003 972 imagines.

416 1159 536 1223 Lunae
554 1156 711 1243 sequitur
732 1156 845 1244 prima
864 1157 979 1243 imago
1002 1156 1102 1243 virgo
1125 1157 1369 1224 venustissima
1396 1181 1470 1224 cur-

328 1307 404 1350 rum
423 1283 589 1368 insidens,
611 1282 671 1369 qui
690 1305 733 1348 ex
750 1281 883 1348 hebeno
900 1282 1075 1348 confectus
1094 1305 1222 1370 magna
1240 1290 1400 1371 exparte
1419 1307 1471 1349 ar·

283 1419 304 1484 5
327 1409 462 1498 genteis
481 1407 680 1495 contegitur
698 1407 851 1494 laminis,
873 1430 974 1495 quem
993 1407 1159 1474 iuvencus
1177 1408 1277 1495 niger
1294 1432 1372 1475 cum
1391 1410 1470 1476 alba

327 1535 473 1602 iuvenca
491 1533 645 1602 trahunt.
670 1534 751 1621 Ipsa
774 1555 868 1599 nunc
884 1534 995 1618 albae,
1018 1535 1022 1621 Ι
1042 1557 1135 1600 nunc
1154 1541 1259 1620 atrae,
1280 1558 1373 1601 nunc
1391 1537 1470 1623 plus
1498 1531 1603 1594 152

328 1684 370 1726 ex
393 1661 472 1727 albo
498 1660 554 1726 vel
582 1665 658 1727 atro
682 1659 888 1747 compositas
920 1659 1078 1727 induitur
1107 1667 1232 1746 vestes,
1257 1683 1386 1727 cornua
1412 1661 1471 1728 ha·

327 1787 387 1852 bet
406 1787 444 1851 in
462 1785 591 1870 fronte,
613 1784 739 1871 quibus
767 1787 999 1852 crescentibus
1017 1787 1132 1873 nigra,
1152 1791 1187 1852 et
1216 1787 1343 1872 quibus
1359 1787 1471 1854 decre-

328 1912 504 1978 scentibus
523 1911 602 1977 alba
618 1910 725 1977 sumit
743 1911 955 1977 indumenta.

263 2045 306 2109 10
417 2050 434 2098 a
463 2037 620 2103 Secunda
638 2036 755 2124 imago
777 2044 943 2104 venustus
966 2045 1065 2126 pasto
1089 2039 1257 2107 recubans
1286 2040 1349 2105 sub
1373 2039 1469 2126 fage,
1527 2125 1530 2130 Ι

329 2164 373 2230 ad
392 2186 495 2250 quem
513 2165 734 2230 invocantem
752 2162 929 2229 descendit
951 2164 1044 2230 nuda
1068 2165 1282 2252 candidaque
1300 2165 1400 2252 virgo
1420 2188 1469 2231 sa·

329 2289 474 2376 gittaria
493 2296 528 2354 et
547 2295 700 2356 cornuta.

420 2431 437 2477 a
464 2416 583 2482 Tertia
600 2415 656 2483 vir
674 2415 863 2503 semicaper
882 2421 996 2503 (quem
1019 2416 1108 2482 aries
1130 2417 1298 2503 sequitur)
1322 2417 1472 2485 occurrit

331 2540 611 2607 candidissimam
630 2541 723 2606 Deae
741 2542 857 2606 lanam
876 2541 1032 2608 afferens.

265 2676 307 2741 15
419 2680 436 2728 t
464 2664 595 2742 Quarta
610 2666 710 2754 virgo
723 2666 760 2732 in
774 2667 961 2733 venatricis
976 2666 1100 2733 habitu
1112 2667 1352 2752 obstetricans,
1367 2690 1471 2754 quam

329 2792 418 2858 aliae
436 2792 592 2879 virgines
610 2792 834 2880 pedissequae
850 2793 1073 2877 comitantur,
1098 2793 1195 2859 cuius
1214 2793 1329 2880 plures
1348 2817 1470 2861 zonam

331 2918 519 2984 discinctae
538 2918 741 3006 antepedes
761 2918 902 2984 iaciunt.

419 3060 436 3107 u
463 3045 593 3125 Quinta
611 3046 713 3134 virgo
738 3045 844 3131 nuda,
871 3068 975 3132 quam
997 3046 1125 3133 pardus
1150 3069 1228 3112 cum
1251 3047 1349 3112 leone
1378 3055 1472 3113 ante-

331 3171 430 3238 cedit.

263 3304 308 3368 20
419 3311 437 3358 ‘t
465 3297 569 3363 Sexta
604 3321 675 3365 non
708 3297 891 3363 familiaris
921 3297 976 3364 vir
1011 3305 1194 3364 coronatus
1226 3320 1328 3364 aureo
1357 3297 1473 3364 diade·

330 3431 421 3490 mate
440 3423 601 3509 equitans
624 3423 776 3508 damam,
800 3423 905 3489 viridi
929 3422 1072 3488 indutus
1095 3431 1190 3489 veste
1214 3425 1388 3511 argenteis
1418 3447 1475 3491 va·

330 3551 463 3635 riegata
486 3549 708 3617 ornamentis.
728 3548 832 3614 illum
847 3572 933 3636 puer
949 3549 1134 3632 antecedit,
1160 3549 1220 3636 qui
1239 3573 1399 3616 anserum
1417 3573 1474 3636 ge-

330 3676 503 3742 minorum
520 3675 557 3741 in
570 3674 682 3741 medio
699 3674 828 3740 incedit
845 3674 1009 3761 sagittam
1024 3674 1164 3740 dextera
1179 3681 1315 3757 tenenS,
1332 3675 1474 3741 sinistra

331 3824 411 3866 vcro
428 3806 508 3867 ante
527 3807 647 3887 pectus
666 3806 808 3865 extensa
832 3806 883 3865 est
906 3822 1024 3865 vacua.
1047 3799 1211 3886 Sequitur
1230 3799 1329 3865 illum
1348 3799 1473 3865 mulier

264 3929 307 3994 25
331 3927 463 3992 albenti
493 3925 636 3992 sindone
666 3933 839 4010 contecta,
871 3925 1051 4011 aureisque
1076 3925 1324 3991 commaculata
1350 3925 1470 4012 guttis.

332 4051 562 4118 Circumcirca
581 4051 690 4117 nubes
707 4057 758 4116 est
774 4050 962 4130 instillanS,
980 4050 1042 4116 sub
1060 4073 1128 4136 qua
1148 4050 1287 4115 madida
1305 4051 1399 4116 curia
1419 4058 1472 4117 est

333 4190 368 4248 et
391 4204 504 4249 crassa
528 4180 627 4267 quasi
649 4180 834 4267 pinguium
857 4201 1011 4246 rasorum
1035 4202 1095 4244 seu
1119 4178 1294 4245 calvorum
1319 4202 1376 4244 ore
1400 4203 1475 4245 san-

334 4350 655 4365 ——n-——u——d

426 4470 442 4518 9
458 4468 627 4519 indumenta
