3390 5122
346 383 405 443 110
683 408 685 412 ³
783 400 923 448 rounam
945 401 1047 449 narni

344 555 488 620 bitrium
516 561 551 619 et
582 555 948 642 praedestinationem,
978 567 1012 622 et
1049 558 1337 644 gubernationem
1365 580 1480 623 rerum

345 681 407 746 sub
428 703 496 746 uno
514 681 672 768 principe
689 704 750 769 per
766 682 1052 769 patremfamilias
1071 690 1203 750 notum.

477 806 612 872 XXVI.
644 808 710 873 Per
746 808 939 874 subiectum
975 809 1026 875 rei
1057 806 1113 875 vel
1145 809 1394 896 proprietatem
1432 807 1483 873 rei

344 932 577 1019 susceptivum
600 955 672 998 rem
696 933 807 1021 ipsam
830 935 1121 1022 proprietatemve
1146 935 1371 1020 assequimur,
1392 933 1484 999 siout

299 1058 320 1121 ἴ)
343 1081 385 1123 ex
404 1058 542 1125 homine
567 1082 669 1145 quem
688 1060 913 1147 cognovimus
936 1061 1067 1127 iustum
1090 1061 1179 1126 iuste
1198 1060 1411 1126 iudicantem
1431 1082 1487 1124 oo·

343 1207 480 1251 cursum
498 1185 665 1252 habemus
681 1186 754 1252 eius
774 1187 977 1252 sententiae:
996 1187 1107 1252 iustus
1122 1186 1291 1252 iudicabit
1306 1186 1485 1274 populum,

343 1333 385 1375 ex
406 1310 546 1377 homine
575 1312 724 1400 simplici
752 1311 842 1377 nihil
864 1311 1074 1377 formidante
1098 1321 1132 1378 et
1155 1334 1274 1378 securo
1293 1309 1385 1379 elius
1410 1334 1485 1375 sen·
1512 1313 1573 1376 16

342 1435 472 1501 tentiae
491 1458 670 1503 occursum
692 1437 859 1503 habemus
887 1460 974 1523 quae
999 1444 1065 1503 est:
1090 1437 1150 1525 qui
1173 1437 1330 1503 ambulat
1354 1436 1485 1524 simpli-

343 1561 603 1627 citer‘ambulat
627 1563 846 1629 confidenter.

278 1690 320 1754 10
476 1686 629 1753 XXVII.
649 1688 703 1753 Ex
721 1694 862 1776 potente
886 1688 1011 1771 dicere,
1032 1688 1254 1771 sententiam,
1275 1689 1365 1754 sicut
1388 1710 1485 1753 exeo

344 1812 403 1897 qui
423 1813 510 1879 solet
528 1814 715 1901 propinare
744 1837 946 1900 quaeremus
968 1837 1147 1880 occursum
1170 1814 1244 1880 eius
1272 1813 1484 1879 sententiae:

343 1937 405 2023 qui
423 1938 500 2004 sitit
519 1940 637 2005 veniat
655 1939 769 2005 adme
788 1946 823 2006 et
841 1940 949 2007 bibat.

475 2065 647 2132 XXVIII.
671 2067 724 2130 Ex
743 2065 988 2131 denominante
1011 2065 1270 2130 denominatum
1296 2070 1331 2129 et
1360 2087 1377 2128 e
1407 2086 1485 2129 oon·

342 2197 410 2274 tra,
435 2190 524 2257 sicut
549 2214 590 2256 ex
617 2190 692 2257 viro
720 2190 804 2257 forti
832 2189 1089 2275 fortitudinem,
1116 2214 1158 2256 ex
1176 2191 1321 2257 muliere
1348 2190 1479 2255 musica

276 2315 317 2378 15
340 2316 506 2383 musicam
526 2317 716 2382 seientiam.

472 2442 611 2507 XXIX.
640 2443 728 2508 Item
760 2465 802 2508 ex
830 2441 1092 2530 hieroglyphice
1121 2464 1221 2508 suum
1253 2441 1480 2526 denotatum,

340 2567 500 2654 qualibus
519 2568 684 2656 exemplis
702 2568 790 2634 liber
808 2569 942 2656 integer
961 2575 1013 2635 est
1032 2569 1233 2656 inscriptuS,
1253 2575 1293 2633 nt
1312 2592 1353 2633 ex
1372 2568 1480 2633 lanci-

340 2692 404 2759 bus
422 2693 601 2779 iustitiam,
615 2717 657 2760 ex
667 2695 771 2782 vulpe
787 2695 960 2780 astutiam,
973 2717 1016 2760 ex
1031 2695 1166 2761 asinino
1187 2693 1300 2781 capite
1316 2693 1481 2780 ignorau-

338 2818 434 2884 tiam.

273 2951 317 3015 20
473 2945 594 3010 XXX.
614 2945 667 3009 Ex
692 2944 816 3011 effectu
840 2968 978 3011 causam
997 2951 1032 3011 et
1055 2969 1217 3012 excausa
1239 2945 1414 3029 effectum,
1441 2951 1482 3009 ut

338 3093 435 3136 exre
458 3071 636 3158 ingeniose
660 3071 752 3137 facta
776 3071 955 3157 ingenium
988 3078 1022 3137 ot
1045 3095 1087 3137 ex
1113 3071 1338 3137 architectore
1371 3070 1482 3135 arohi-

339 3203 484 3282 tectum,
504 3203 539 3262 et
557 3220 575 3261 e
594 3219 770 3264 converso.

471 3321 612 3387 XXXI.
631 3324 715 3388 Item
742 3345 783 3389 ex
802 3323 969 3389 allusione
993 3322 1142 3408 quadam
1158 3322 1244 3387 illud
1260 3323 1303 3388 ad
1323 3320 1414 3407 quod
1433 3320 1473 3384 fit

338 3448 473 3534 allusio,
498 3450 588 3515 sicut
618 3473 659 3516 ex
690 3451 807 3517 vetula
830 3452 921 3516 inter
951 3450 1036 3516 <liras
1066 3451 1338 3517 adolescentulas
1368 3455 1474 3535 atquo

272 3573 499 3663 repuleras
533 3575 677 3664 eclipsin
711 3584 746 3642 et
779 3575 913 3642 telluris
939 3576 1147 3663 positionem
1181 3577 1273 3642 inter
1304 3577 1411 3641 solem
1441 3582 1475 3640 ot

338 3700 466 3766 lunam.

471 3825 629 3891 XXXII.
649 3827 701 3891 Ex
732 3827 903 3893 contrario
932 3798 1162 3912 contrarium,
1187 3826 1477 3913 quemadmodum

338 3953 466 4020 ironice
486 3979 527 4020 ox
547 3955 645 4021 stulti
665 3956 829 4020 memoria
848 3963 882 4021 et
901 3955 1012 4043 inepti
1034 3955 1086 4022 vel
1110 3956 1203 4040 vilia,
1226 3978 1326 4040 quem
1346 3977 1408 4042 pro
1429 3977 1481 4019 oc-

339 4081 475 4147 casione
489 4082 647 4148 volumus
667 4105 738 4147 osse
754 4081 957 4169 sapientem,
976 4082 1134 4146 solertem
1155 4089 1188 4146 et
1207 4081 1479 4168 magnanimum,

272 4209 316 4272 30
339 4207 375 4274 in
403 4208 602 4274 memoriam
632 4209 867 4297 oppositorum
893 4209 949 4274 vel
973 4207 1299 4294 contempla-tionem
1323 4207 1481 4272 admove·

430 4479 446 4530 3
463 4480 579 4540 XXVI]
595 4479 731 4531 XXXVI.
795 4481 825 4529 1ss
841 4479 1020 4531 denotatum
1083 4479 1115 4527 25
1131 4477 1278 4545 Ecolipsin
