3390 5122
524 454 568 496 nn
589 452 831 500 conrcsirroun
851 457 1032 519 inanima,
1054 459 1087 503 11.
1311 449 1370 508 ‘249

229 631 306 674 curn
323 609 366 675 iis
384 610 441 695 qui
459 609 599 676 adstant
615 610 832 700 Aesculapio.
852 613 909 679 Ad
925 637 1043 681 currus
1060 615 1168 683 latera
1186 617 1273 685 duae
1289 626 1370 686 sunt

228 734 392 801 Nereides
411 758 499 820 quae
515 736 557 801 de
574 736 687 823 aquis,
704 745 739 803 et
757 739 844 805 duae
863 739 1016 825 reliquae
1032 741 1206 831 nymphae
1225 767 1311 830 quae
1328 747 1370 812 dc

228 863 404 930 montibus
433 869 468 929 et
495 863 697 931 fluminibus
726 865 871 952 aliisque
897 866 980 933 locis
1015 867 1138 936 herbas
1173 879 1208 937 et
1237 873 1369 960 lapides
1460 953 1468 971 ι

228 988 409 1075 colligunt.
417 987 564 1055 Currum
576 999 768 1078 sequuntur
779 993 876 1060 varia
888 995 1119 1062 animantium
1129 1020 1266 1084 genera,
1281 1023 1369 1085 quae

184 1116 204 1180 5
228 1114 269 1179 de
289 1113 439 1180 hnmana
458 1115 572 1202 specie
591 1116 635 1183 ab
660 1117 719 1184 illa
742 1119 909 1206 producta
927 1128 1105 1209 putantur.
1130 1124 1302 1212 Apposita
1325 1128 1369 1192 ad

227 1242 384 1308 dextram
404 1243 520 1309 sedilis
539 1250 591 1310 est
608 1245 849 1332 potentissima
866 1248 975 1335 virga,
993 1273 1061 1336 qua
1080 1257 1223 1338 tangere
1242 1251 1370 1319 dicitur

227 1392 392 1455 eosquos
417 1378 469 1436 est
499 1377 789 1456 transmutatum,
820 1381 855 1439 et
884 1374 981 1441 iuxta
1009 1376 1105 1443 illam
1135 1376 1369 1444 dulcissimam

228 1497 409 1564 continens
429 1497 617 1565 mixturam
636 1499 869 1587 pharmacum.

677 1788 830 1854 CAPVT
866 1789 911 1853 X.

635 1936 727 1976 Arionis
741 1936 816 1985 imago
831 1938 854 1975 ct
868 1934 962 1986 Orphei.

313 2143 454 2209 Iuvenis
470 2143 599 2231 partim
618 2150 765 2229 myrtea,
783 2143 912 2230 partim
930 2143 1047 2208 laurea
1064 2165 1191 2209 corona
1206 2152 1369 2211 contexta

226 2269 396 2354 sequitur,
426 2269 626 2335 redimitum
660 2269 791 2334 habens
825 2275 944 2354 caput,
977 2289 1048 2332 non
1076 2267 1244 2335 informis.
1276 2271 1368 2336 Ante

225 2394 323 2460 illum
336 2395 429 2459 lovis
443 2394 479 2459 in
497 2394 650 2480 imagine
666 2393 784 2480 Satyri
804 2393 984 2459 colendum
1004 2392 1119 2459 adstat
1136 2393 1368 2479 simulacrum,

227 2520 283 2585 cni
302 2520 360 2586 illc
376 2520 523 2607 hymnos
539 2519 660 2607 digitis
680 2520 723 2584 ad
742 2518 910 2585 citharam
927 2518 1075 2585 admotis
1091 2519 1204 2589 dicere
1220 2520 1368 2587 videtur.

162 2651 203 2716 15
227 2646 327 2713 Circa
347 2647 447 2712 illum
465 2646 562 2712 varia
576 2645 728 2711 ferarum
744 2653 779 2710 et
797 2645 912 2711 avium
933 2667 1070 2731 genera,
1083 2651 1124 2711 ut
1136 2645 1180 2711 ad
1197 2645 1293 2712 illius
1312 2670 1369 2713 vo·

227 2798 299 2839 cem
324 2780 358 2837 et
383 2773 535 2838 sonitum
556 2793 742 2854 conversa,
767 2771 810 2836 ab
831 2771 901 2836 alto
925 2770 968 2835 ad
988 2770 1086 2836 illum
1110 2770 1300 2838 Mercurius
1319 2771 1370 2859 ly-

226 2922 299 2964 ram
318 2905 463 2986 portans
481 2896 685 2963 descendere
704 2894 925 2983 conspicitur.

314 3026 456 3090 uluxta
480 3022 578 3089 illurn
603 3022 759 3111 Orpheus
787 3022 951 3087 iuvenum
974 3023 1226 3109 pulcherrimus
1249 3023 1367 3091 eodem

224 3154 332 3218 ferme
351 3151 486 3234 habitu,
507 3149 550 3214 ad
569 3171 671 3234 quem
695 3156 875 3215 canentem
898 3170 969 3215 non
988 3149 1180 3217 animantia
1203 3152 1314 3217 solum
1334 3158 1368 3218 et

158 3286 203 3349 ‘20
225 3281 316 3345 inter
346 3303 385 3345 ea
408 3277 537 3359 leones,
566 3276 688 3362 tigres,
716 3274 896 3360 dracones,
923 3276 1056 3362 lynces,
1083 3276 1141 3342 sed
1169 3283 1204 3342 et
1229 3277 1367 3365 plantas

224 3414 328 3491 atque
347 3426 429 3469 saxa
449 3406 454 3489 Ι
474 3402 608 3468 venisse
626 3400 835 3467 videbantur
847 3408 951 3487 atque
963 3401 1070 3467 venti.
1090 3403 1192 3468 Illum
1209 3405 1365 3490 sequitur
1391 3405 1488 3468 148

224 3533 340 3616 ima-go
355 3529 536 3617 nigerrimi
556 3527 647 3614 regis
667 3527 703 3592 in
720 3527 805 3593 solio
821 3549 862 3592 ex
878 3527 994 3613 nigro,
1015 3528 1074 3594 secl
1093 3528 1179 3594 mire
1194 3530 1365 3617 pellucido

224 3657 313 3724 etin
334 3654 487 3721 tersioris
504 3652 634 3741 speculi
652 3651 916 3719 similitudinem
934 3653 1049 3741 lapide
1063 3654 1120 3720 vel
1137 3654 1281 3741 chalybe
1298 3662 1367 3739 (ne-

223 3785 306 3865 scio)
323 3782 492 3864 confecta,
510 3780 569 3865 qui
585 3778 724 3866 gemino
741 3801 830 3845 unco
845 3779 1074 3867 harpa-ginem
1090 3780 1196 3846 habet
1213 3780 1309 3847 radio
1328 3779 1366 3846 in

156 3915 199 3978 ‘25
223 3910 356 3991 dextra,
376 3909 412 3972 in
429 3907 570 3971 sinistra
589 3926 669 3970 vero
686 3904 881 3991 sphaeram,
903 3927 990 3990 quae
1014 3906 1165 3972 eiusdem
1190 3912 1294 3993 atque
1313 3929 1365 3973 so·

222 4037 307 4102 lium
325 4042 376 4100 est
392 4033 562 4114 materiei;
584 4055 698 4097 coram
718 4054 786 4118 quo
806 4032 921 4118 imago
939 4032 1061 4098 similis
1077 4033 1233 4120 proxime
1252 4034 1364 4103 dictae

221 4164 488 4254 pulcherrimam
508 4185 613 4228 manu
629 4160 753 4248 arripit
768 4159 964 4226 foeminam.
986 4161 1103 4226 Tertio
1120 4160 1157 4227 in
1174 4161 1291 4227 eodem
1311 4186 1363 4229 or-

231 4308 280 4316 ...-
288 4309 317 4313 -
321 4308 344 4313 -
348 4306 380 4312 ---
386 4306 392 4312 .
494 4305 591 4311 -----
848 4301 992 4308 ——--
1298 4304 1362 4312 .—

316 4364 344 4412 11
363 4362 512 4426 myrthae,¹
525 4360 654 4427 parcium
672 4359 770 4409 laurea
832 4358 864 4408 14
881 4357 1029 4421 cytharam
1091 4358 1123 4408 20
1141 4357 1252 4421 Tygrcs
1273 4374 1286 4406 e
1307 4358 1364 4424 plu·

222 4444 337 4507 testate)
401 4442 594 4508 capelludido
657 4441 689 4491 ‘23
710 4439 822 4490 chalibc
884 4439 916 4489 24
937 4437 1132 4506 harpaginem]
1152 4440 1186 4504 cf.
1205 4454 1235 4503 p.
1260 4442 1364 4500 166,8

221 4526 349 4575 codrot-e
411 4525 443 4574 26
459 4523 606 4590 proximae
663 4523 699 4592 27
714 4519 877 4572 faemimam

355 4619 430 4658 Bucar
448 4618 504 4667 Opp.
519 4619 560 4656 lut.
575 4617 612 4667 11,
628 4619 648 4656 ³.
1174 4614 1200 4653 aa
