3390 5122
691 402 830 450 Ionnlru
850 402 953 451 BRVNI

696 698 847 765 CAPV'P
872 699 949 764 VII.

488 854 522 893 Do
533 853 634 903 possibili
647 852 775 893 adiectione
788 864 828 902 pro
840 853 960 902 trigenarli
972 853 1147 903 complemento.

338 1085 393 1151 Sit
424 1085 535 1170 figura
568 1083 635 1148 loci
664 1088 704 1148 ut
731 1081 804 1147 eius
831 1081 984 1146 membra
1009 1080 1053 1146 ad
1082 1081 1327 1166 aequalitatem
1354 1089 1390 1146 et

247 1210 523 1277 conformitatem
547 1231 678 1290 eorum,
701 1231 789 1294 quae
816 1207 960 1272 ulterius
989 1206 1087 1272 iuxta
1114 1213 1268 1273 nostram
1294 1207 1388 1273 viam

202 1340 222 1404 5
246 1342 468 1424 apponuntur
495 1335 569 1420 (qui
596 1335 633 1399 iu
661 1332 832 1398 universis
862 1355 1043 1399 numerum
1072 1332 1300 1418 trigenarium
1332 1334 1390 1400 ob-

245 1465 442 1545 servamus),
472 1458 626 1526 sufficere
654 1457 803 1545 possint;
834 1463 873 1522 ut
897 1458 935 1523 in
953 1457 1130 1544 proposito
1157 1458 1246 1524 atrio
1266 1456 1309 1523 ab
1330 1481 1388 1524 an-

245 1588 328 1672 gulo
340 1592 487 1670 utroque
507 1584 551 1650 ad
569 1589 753 1668 utrumque
773 1582 971 1670 oppositum
990 1582 1121 1670 duplici
1142 1583 1298 1649 coniecta
1316 1583 1388 1650 dia-

242 1717 353 1777 metro
373 1717 521 1795 quatuor
547 1709 585 1774 in
604 1708 865 1774 intervallorum
895 1706 1021 1791 medio,
1042 1731 1129 1793 quae
1159 1731 1179 1773 a
1213 1717 1331 1775 centro
1351 1717 1386 1774 et

242 1837 369 1921 angulo
389 1833 606 1920 quadruplici
625 1832 814 1920 aequaliter
843 1831 986 1916 distent,
1006 1831 1100 1898 sedes
1120 1840 1155 1897 et
1182 1833 1315 1899 adiecta
1334 1834 1385 1899 in-

177 1967 219 2030 10
242 1960 460 2047 telligantur,
481 1959 518 2024 in
548 1964 665 2023 ceritro
694 1979 773 2022 vero
793 1956 926 2022 duobus
956 1957 1099 2023 adiectis
1130 1957 1307 2024 dexteram
1332 1981 1380 2024 se·

239 2084 317 2150 dem
336 2091 439 2171 atque
458 2083 635 2150 sinistram
657 2082 782 2148 tribue.

252 2304 1378 2377 *m*——-***——-*-—*

249 2574 284 2642 ἴ
1343 2574 1377 2644 t

244 3570 277 3635 ἴ
1332 3572 1366 3640 ¹4

243 3837 1365 3910 s—*———w—-r—-4

316 4044 494 4130 Reliquae,
513 4052 551 4110 ut
571 4054 652 4111 sunt
667 4046 704 4110 in
719 4046 956 4132 praecedentis
975 4049 1056 4114 atrii
1076 4049 1314 4136 designatione
1331 4060 1365 4118 et
1391 4063 1463 4128 62

225 4169 355 4252 ordine,
376 4170 626 4256 intelligantur.

312 4295 328 4340 ‘l
350 4295 437 4359 Heio
455 4294 560 4360 etiam
577 4303 693 4360 teneas
710 4303 749 4360 ut
769 4295 936 4380 quaedam
949 4297 1123 4364 interdum
1141 4304 1288 4387 repetita
1306 4328 1365 4371 no-

157 4424 197 4486 15
221 4423 315 4488 mina
338 4446 408 4489 non
438 4424 622 4490 earundem
653 4425 843 4510 figurarum
874 4447 933 4491 seu
961 4427 1153 4513 imaginum
1189 4441 1362 4500 momenta
