3390 5122
228 397 248 455 8
667 408 807 454 loannur
829 407 929 453 nnvru

228 569 359 633 versele
377 567 593 653 negativum,
613 572 674 631 aut
693 564 959 655 affirmatilvum
974 564 1199 652 particulare,
1220 571 1280 629 aut
1298 585 1374 651 par·
1397 578 1430 629 a
1442 563 1549 629 3vP

228 692 373 759 ticulare
391 692 603 778 negativum.
624 691 780 756 Primum
797 690 835 756 in
857 690 963 777 primi
981 688 1115 777 primae
1131 688 1263 775 figurae
1278 687 1373 754 modi

227 818 339 884 ferma
362 817 608 905 perquirimuS,
633 816 821 881 seeundum
844 815 881 880 in
899 815 1032 902 primae
1061 821 1165 900 atque
1188 812 1372 898 secundae,

229 944 266 1009 in
284 944 418 1031 primae
436 950 542 1030 atque
560 942 683 1008 tertiae
700 942 857 1026 tertium,
878 949 1041 1027 quartum
1059 941 1098 1006 in
1114 940 1282 1007 omnibus.

661 1203 725 1268 III.
750 1203 936 1270 Mananvn.

316 1444 366 1510 Ut
385 1445 494 1531 igitur
512 1465 614 1510 omne
631 1442 824 1528 quaesitum
841 1466 900 1509 seu
915 1445 1094 1531 problema
1113 1442 1247 1512 duabus
1266 1448 1373 1515 verbo

227 1570 446 1637 substantivo
466 1568 635 1657 copulatis
655 1571 812 1657 partibus
832 1571 1004 1655 censistit,
1025 1593 1174 1657 quarum
1188 1573 1303 1660 prima
1321 1580 1374 1641 est

226 1698 268 1764 de
288 1719 355 1782 qua
379 1696 512 1782 aliquid
535 1695 728 1762 affirmatur
750 1697 806 1763 vel
829 1703 990 1782 negatur,
1011 1698 1119 1763 altera
1144 1720 1232 1784 quae
1256 1699 1298 1765 de
1316 1699 1376 1765 ali·

227 1844 294 1906 quo
308 1821 501 1888 affirmatur
516 1829 576 1887 aut
592 1821 636 1887 ab
656 1821 772 1908 aliquo
787 1829 951 1908 negatum
965 1824 1014 1887 ita
1032 1845 1168 1888 omnem
1185 1823 1374 1910 syllogisti-

163 1953 205 2016 10
228 1970 301 2012 cam
318 1954 352 2012 et
369 1947 696 2033 enthymematicam
712 1949 1068 2035 argurnenta1tionem
1084 1947 1197 2014 tribus
1214 1955 1372 2015 constare
1397 1948 1508 2015 '708
1521 1946 1556 2016 G

226 2071 384 2137 terminis
409 2077 461 2136 cst
483 2095 633 2138 necesse:
654 2072 777 2139 maiori
806 2073 1025 2138 extremit-ate
1047 2074 1093 2159 A,
1114 2073 1241 2140 minori
1264 2079 1374 2140 extre·

227 2196 399 2263 mitateO
430 2205 464 2261 et
494 2197 605 2262 medio
631 2197 671 2262 B.
698 2197 792 2262 Ante
818 2220 954 2264 ornnem
981 2197 1092 2285 igitur
1120 2198 1373 2285 syllogisticum

228 2322 420 2388 discursum
445 2328 549 2407 atque
575 2321 846 2408 disputationem
865 2322 907 2388 de
934 2322 1000 2388 hee
1025 2324 1099 2410 ipso
1120 2323 1212 2408 quod
1239 2324 1277 2389 in
1296 2345 1375 2390 oon·

228 2447 433 2513 troversiarn
450 2447 602 2533 ducitur,
620 2448 730 2514 maior·
746 2449 927 2534 minorque·
943 2448 1143 2515 extremitas
1162 2448 1375 2536 praeliabare

163 2580 203 2645 15
227 2580 298 2654 tur,
315 2580 350 2639 et
373 2574 488 2662 ipsum
516 2573 608 2661 qued
632 2575 864 2660 quaerendum
888 2581 1044 2640 remanet
1067 2582 1120 2641 est
1143 2575 1309 2659 medium,
1330 2575 1374 2641 de

228 2723 295 2787 que
315 2723 395 2767 mox
418 2700 523 2766 etiam
552 2700 768 2766 considerare
792 2699 916 2766 debeas
940 2700 1110 2786 quomodo
1135 2700 1373 2767 collocandum

226 2828 272 2892 sit
291 2832 326 2891 et
345 2825 584 2893 ordinandum.
604 2826 706 2892 Nunc
725 2825 836 2912 igitur
853 2824 1005 2913 primum
1029 2826 1070 2892 de
1088 2826 1168 2911 hac,
1186 2826 1311 2892 deinde
1330 2825 1373 2893 de

227 2952 361 3038 reliqua
398 2951 584 3018 artificiosa
613 2951 839 3017 meditatione
868 2951 1071 3039 complenda
1105 2952 1370 3039 speculabimur.

228 3078 345 3144 Primo
364 3078 507 3164 inquam
527 3077 732 3162 deformas,
753 3077 902 3143 seeundo
921 3077 963 3141 de
982 3077 1147 3143 materiae
1165 3078 1371 3145 disseremus

160 3206 205 3268 20
227 3204 438 3271 inventione.

663 3463 723 3528 IV.
747 3462 934 3527 Manaavn.
1394 3467 1546 3531 a4=P

316 3686 521 3753 Generalem
536 3685 764 3772 syllogizandi
781 3686 928 3752 formam
948 3685 985 3749 in
1001 3684 1114 3749 tribus
1130 3683 1371 3751 tantummodo

225 3812 347 3898 figuris
366 3811 578 3898 investigare
591 3810 686 3892 licot;
707 3810 804 3876 iuxta
823 3833 879 3875 eas
899 3809 1027 3875 etenim
1050 3809 1303 3896 propositiones
1323 3818 1371 3875 at-

227 3961 293 4024 que
322 3936 547 4024 problematis
582 3937 817 4021 cuiuscunque
846 3935 1012 4001 termines
1042 3934 1079 3999 in
1110 3933 1228 4019 aliquo
1258 3933 1371 4001 medio

159 4064 203 4128 25
227 4063 480 4130 communicare
504 4062 687 4148 contingit.
715 4062 753 4127 Si
782 4062 910 4149 quippe
933 4059 1241 4127 (lernonstrandum
1263 4065 1316 4125 est
1339 4059 1371 4124 A

321 4314 352 4363 10
368 4311 641 4375 enthymematicam
663 4309 727 4360 AG:
751 4309 1002 4375 entyrncmatieam
1026 4310 1052 4358 P
1114 4312 1143 4358 ll
1170 4308 1374 4359 extraemitato

228 4400 290 4444 lulla
307 4410 319 4443 c
335 4393 385 4443 duc
403 4393 425 4442 Ia
442 4391 523 4455 eolre,
541 4392 572 4442 14
589 4392 775 4442 extraemitas
793 4408 805 4440 e
822 4387 973 4440 similaceum
990 4390 1092 4440 albore
1108 4390 1134 4439 1‘
1198 4390 1375 4453 111511110-

227 4474 371 4526 habentur
384 4472 448 4522 PA:
466 4472 660 4540 praebebatur
674 4472 698 4524 G
760 4474 791 4523 20
807 4471 997 4521 innuentiene
1009 4470 1035 4521 Ρ
