3390 5122
325 396 382 454 192
765 410 905 454 ionum
925 409 1027 454 natm

320 568 444 654 tuplici
462 567 507 630 ad
527 567 685 650 regiones
704 566 791 629 caeli
802 564 1017 630 differentias
1029 565 1084 629 vel
1102 565 1191 629 situs
1205 564 1303 628 iuxta
1322 580 1467 631 statum.

321 693 522 757 sessionem.
542 688 816 776 apoliationem.
839 690 1103 754 inclinationem
1125 708 1160 754 et
1180 689 1469 776 presumtiouem,

320 834 380 881 aut
396 839 458 903 per
480 815 721 900 alligationem
740 815 785 879 ad
802 838 843 881 ea
862 837 951 900 quae
969 814 1120 880 medium
1147 837 1207 880 seu
1226 832 1384 880 centrum
1403 815 1469 880 cir·

320 956 494 1006 eumstant
512 940 698 1021 referetur,
718 958 757 1004 ut
776 939 838 1004 ubi
860 940 944 1003 atrii
961 938 1084 1004 domus
1107 956 1227 1003 centro
1245 938 1357 1004 aderit
1376 940 1468 1004 ovile

276 1068 298 1129 5
320 1065 376 1129 vel
391 1065 500 1129 altare
518 1064 576 1128 vel
593 1064 689 1129 aliud
712 1064 909 1129 huiusmodi
929 1063 1178 1145 adiiciendum
1202 1064 1256 1128 rel
1282 1080 1468 1150 utrumque

320 1188 457 1276 recipit,
474 1211 598 1275 nempe
612 1206 688 1254 tum
703 1188 937 1254 differentiam
949 1188 1125 1275 propriam
1140 1211 1184 1253 er
1199 1190 1297 1253 varia
1315 1190 1390 1254 eius
1405 1190 1470 1254 ele

321 1313 429 1378 menti
452 1313 544 1399 quod
566 1330 618 1378 est
647 1314 685 1377 in
708 1330 828 1378 centro
851 1313 1053 1379 situatione.
1077 1331 1154 1378 tum
1177 1315 1370 1379 consimilis
1395 1316 1470 1380 eius

319 1437 412 1523 quod
442 1438 480 1503 in
506 1437 783 1503 circumferentia
817 1458 868 1502 est
901 1439 1115 1505 adiectione.
1145 1439 1206 1504 ubi
1229 1440 1361 1505 scilicet
1389 1458 1468 1527 post

321 1585 427 1628 unam
453 1580 637 1628 sonantem
663 1563 772 1628 altera
799 1584 927 1629 sonans
956 1563 1120 1628 adiicitur
1139 1586 1218 1629 cum
1237 1584 1466 1647 consonante,

256 1689 299 1750 10
320 1688 376 1754 vel
394 1687 484 1753 duae
499 1705 743 1770 consonantes,
766 1688 821 1752 vel
851 1688 961 1754 altera
980 1706 1120 1753 tautum
1147 1710 1287 1754 sonans.
1311 1690 1386 1754 Hoc
1413 1706 1466 1755 est

318 1813 417 1878 dictu
439 1813 495 1877 vel
518 1835 712 1878 consonans
742 1812 852 1878 media
884 1814 1028 1878 assumit
1053 1832 1234 1878 sonantem
1261 1832 1465 1897 extremam,

319 1939 375 2003 vel
393 1952 573 2003 sonantem
596 1960 675 2002 cum
693 1959 857 2003 consona.
878 1938 932 2001 vel
952 1939 1201 2022 liquescentem
1220 1961 1299 2002 cum
1318 1958 1466 2006 sonante

318 2076 355 2127 et
379 2076 600 2127 consonante.
630 2062 763 2126 Horum
795 2062 1002 2146 quibusdam
1032 2062 1143 2127 modis
1170 2085 1213 2126 ex
1240 2063 1323 2128 atrii
1352 2065 1468 2130 condi-

320 2187 414 2252 tione
431 2186 597 2252 hacteuus
615 2209 774 2274 expressa
797 2206 847 2252 est
871 2189 1058 2274 prouisum.
1078 2187 1148 2254 Ubi
1168 2210 1249 2253 vero
1272 2189 1466 2274 liquescens

257 2311 299 2372 15
321 2314 413 2379 inter
436 2326 616 2380 sonantem
639 2314 767 2379 mediat
784 2329 819 2379 et
839 2332 1098 2395 consonantem,
1124 2315 1234 2397 cauiS,
1253 2337 1375 2401 equus,
1399 2339 1468 2381 ser·

320 2461 420 2525 pens,
443 2438 614 2521 mordens,
644 2440 842 2511 calcitrans,
871 2440 1034 2520 intortus,
1064 2440 1167 2504 rebus
1197 2440 1384 2526 agentibus
1411 2443 1467 2506 vel

321 2562 516 2628 actionibus
548 2564 701 2651 appositi
732 2565 948 2652 propositum
982 2564 1221 2629 insinuabunt.
1251 2565 1321 2631 [bi
1351 2583 1466 2631 autem

320 2704 398 2774 post
425 2702 620 2772 sonantem,
648 2713 736 2775 quae
763 2708 813 2754 est
845 2689 889 2754 ad
916 2706 1076 2754 externas
1107 2690 1282 2773 regiones,
1317 2713 1465 2756 consona

319 2815 429 2879 altera
456 2814 656 2897 subiicitur,
687 2815 923 2881 huiuscemodi
954 2815 1188 2881 mutationum
1211 2839 1272 2880 seu
1295 2817 1468 2883 alteratio·

253 2941 298 3005 ‘20
319 2964 403 3006 num
426 2941 536 3026 siguis
559 2941 752 3029 proiideto
784 2964 872 3027 quae
903 2944 943 3006 1⁶2
971 2941 1136 3007 subiectis
1164 2941 1276 3026 signu-
1313 2966 1374 3008 seu
1404 2945 1468 3009 cir-

318 3067 537 3131 cumstantiis
555 3067 776 3154 aperiuntur:

430 3279 652 3345 Baiulatione
675 3339 774 3346 .-,,
790 3279 908 3346 -Οειειι
959 3337 982 3341 ἢ
995 3336 1003 3342 .
1014 3338 1046 3342 ,
1061 3337 1125 3342 m-
1136 3278 1317 3343 Diuisione

431 3406 459 3470 F
462 3406 617 3471 rectione
644 3466 659 3470 i
693 3465 720 3470 -,
772 3404 1325 3490 m..Gyratione......Levatione

432 3531 549 3597 Morsu
719 3592 738 3596 -.
784 3530 1024 3595 ,Nutationo
1098 3529 1300 3594 ‚Pulsione

432 3656 670 3743 Ruptione-„-
712 3717 728 3720 -
765 3716 794 3720 ,
816 3655 1049 3742 Suspensioue
1135 3655 1357 3722 Turbationc.

780 3748 792 3781 ἱ

432 3878 474 3944 In
505 3880 572 3945 isto
599 3879 707 3966 igitur
732 3881 851 3946 ordine
878 3882 1001 3945 Aurata
1029 3883 1077 3945 ila
1101 3881 1333 3968 perficiemus
1361 3894 1398 3945 ut
1423 3905 1465 3945 ex

320 4007 409 4072 atrio
429 4006 550 4072 altaris
566 4022 600 4071 et
619 4007 831 4071 thermarum
850 4006 974 4070 solium
995 4028 1072 4071 cum
1090 4005 1232 4091 templo.
1254 4008 1308 4070 vel
1326 4007 1363 4070 in
1383 4022 1465 4070 tcm-

322 4132 391 4219 plo,
409 4133 445 4197 in
470 4154 538 4217 quo
557 4131 652 4197 canis
671 4131 805 4196 mordet
824 4132 1060 4219 Templarium
1080 4154 1303 4196 assumamus.

416 4337 426 4382 l
439 4333 697 4397 soracdifferentia
762 4335 919 4399 butrsique
987 4333 1090 4396 isarae
1103 4332 1247 4382 consimili
1313 4332 1345 4380 27
1361 4338 1465 4380 terma·

322 4431 385 4466 rum
449 4415 481 4464 23
497 4413 534 4463 uie

1492 3422 1564 3485 9¹7
