3390 5122
402 435 543 480 rounam
564 435 667 480 navur
687 437 733 480 nn
754 437 997 482 conrosuuoun
1019 437 1200 499 rnaouvvu,
1223 439 1257 483 n.
1344 425 1400 480 ‘201

262 600 296 658 et
316 594 461 660 totidem
486 595 620 680 gladios
639 595 818 680 habenteS,
845 597 935 662 circa
955 620 1119 683 magnum
1139 620 1255 683 regem
1275 597 1347 682 (qui
1366 597 1404 661 in

262 720 347 785 solio
367 720 488 785 sedens
508 720 593 785 alios
610 728 764 804 coronat)
782 722 940 788 custodes
957 729 1135 809 apparent.

393 845 489 943 VIII.
510 857 525 902 ‘l
551 845 627 911 Viri
646 847 775 934 species
791 870 894 934 super
907 847 1010 912 nubis
1024 847 1162 930 throno,
1180 871 1197 912 e
1215 846 1311 912 ouius
1328 846 1403 938 dex·

209 966 211 970 ’
261 977 334 1034 tera
352 970 475 1055 ingens
502 972 691 1039 coruscatio
713 973 765 1055 fit,
790 972 982 1038 deiaculato
1002 978 1119 1038 monte
1141 973 1321 1058 gigantem
1346 994 1403 1059 op-

216 1095 452 1181 oprimentis.

285 1220 290 1228 ’
339 1273 345 1293 ,
392 1221 456 1284 ΙΧ.
477 1234 495 1280 a
523 1222 578 1287 Ab
598 1220 743 1289 australi
761 1223 866 1310 plaga
885 1223 982 1289 vonit
1001 1245 1061 1287 rex
1080 1222 1235 1308 syndone
1255 1223 1402 1288 caerulei

261 1346 383 1412 coloris
402 1346 440 1412 in
459 1369 589 1413 morem
608 1348 739 1435 saphiri
762 1349 972 1435 perlucentis
996 1348 1152 1429 indutus,
1173 1348 1303 1413 nudato
1322 1370 1402 1413 ense

260 1473 525 1559 superequitaus
545 1497 682 1539 cervum
712 1475 815 1560 longe
840 1474 1076 1558 latissimeque
1098 1496 1234 1539 ramosa
1265 1482 1299 1539 et
1318 1496 1401 1539 auro

259 1599 432 1665 radiantia
451 1623 580 1666 cornua
600 1600 827 1685 quatientem,
848 1622 962 1665 coram
987 1622 1054 1684 quo
1082 1599 1258 1685 disparent
1286 1600 1400 1664 leones

198 1731 237 1792 10
260 1725 427 1790 humanas
441 1725 644 1791 devorantes
657 1747 785 1791 carnes.
798 1725 882 1790 Inde
900 1725 1068 1811 viraginis
1084 1725 1275 1811 prodeunte
1288 1725 1400 1811 figura

260 1873 405 1934 quercus
425 1873 559 1915 ramum
571 1850 757 1936 glandibus
770 1856 933 1915 onustum
949 1850 1109 1915 habentis
1124 1850 1161 1915 in
1174 1850 1330 1932 dextera,
1347 1871 1398 1915 co·

259 1975 479 2059 ruscationes,
500 1975 607 2041 subiti
626 1976 725 2060 ignes
745 1976 873 2041 circum
898 1983 932 2041 ct
953 1975 1110 2041 turbines
1130 1984 1164 2041 et
1183 1976 1399 2042 vehementia

257 2106 440 2166 veut-orum
465 2100 580 2165 omnia
611 2101 789 2185 territam,
815 2100 947 2186 fragor,
974 2101 1096 2186 igneae
1121 2101 1269 2166 aethrae.
1290 2101 1398 2187 Atqui

257 2224 391 2290 affabili
410 2225 662 2310 mitissimoque
681 2226 783 2291 vultu
802 2226 897 2291 curia
916 2225 1109 2313 principem
1129 2233 1280 2291 coronat.

192 2353 233 2416 lb
390 2349 435 2414 X.
456 2361 471 2408 l
497 2348 697 2437 Sequuntur
725 2351 914 2417 familiares
941 2351 1085 2418 formae:
1115 2352 1231 2436 aquila
1254 2375 1399 2438 puerum

256 2473 430 2558 unguibus
450 2474 665 2561 implicatum
683 2476 836 2564 rapiens,

390 2599 454 2663 XI.
474 2618 490 2664 u
519 2602 609 2666 Puer
624 2601 737 2668 nudus
759 2603 928 2690 pocillans
946 2604 1034 2690 regi,
1053 2604 1113 2690 qui
1127 2603 1268 2669 sinistra
1285 2603 1328 2669 ad
1343 2628 1400 2691 ge-

255 2749 332 2806 nas,
353 2724 474 2791 dextra
491 2725 534 2790 ad
549 2728 711 2814 poculum
730 2735 870 2794 extenta
891 2736 1065 2812 curvatur,

389 2851 472 2915 XII.
493 2864 510 2911 u
539 2850 602 2916 Vir
620 2853 786 2919 barbatus
811 2876 938 2920 cornua
962 2854 1092 2919 habens
1111 2854 1245 2939 arietiS,
1266 2854 1322 2919 cui
1342 2855 1399 2919 ad-

188 2976 233 3039 20
256 2983 351 3041 stant
373 2976 502 3042 formae
520 2977 649 3063 Satyri,
672 2979 778 3062 tauri,
796 3001 838 3064 cy
852 2979 914 3061 rni,
932 2979 1058 3060 cuculi,
1082 3001 1149 3064 qua
1171 2980 1284 3066 specie
1306 2981 1397 3066 apud

255 3102 405 3186 Libyam
424 3102 601 3168 colebatur
620 3104 786 3190 Iuppiter.

710 3447 868 3552 CAPVT,
890 3394 943 3514 II.

527 3595 593 3635 Altae
610 3595 720 3645 imagines
732 3607 790 3645 quae
803 3600 915 3646 apparent
930 3597 953 3636 lu
968 3607 1047 3647 campo
1062 3597 1130 3635 lovis.

345 3818 461 3884 Prima
486 3841 573 3902 quae
596 3821 740 3885 Iunonis
764 3820 905 3886 dicitur:
933 3821 969 3885 in
997 3819 1110 3906 specie
1135 3822 1239 3886 maris
1265 3830 1398 3907 septem

184 3939 227 4002 ‘25
251 3944 453 4009 iuvenculae
478 3944 538 4008 uni
569 3945 702 4030 puellae
727 3945 947 4029 adsistentes,
973 3945 1207 4011 illustrissima
1236 3946 1394 4011 claritate

251 4070 475 4135 venerandae.

386 4197 466 4259 III
494 4195 601 4281 Virgo
630 4196 788 4262 cuculum
820 4196 948 4281 (quiin
979 4197 1094 4262 sinum
1122 4197 1163 4263 de
1189 4205 1393 4285 tempestate

251 4320 377 4384 eximia
397 4320 586 4403 advolarat)
604 4328 799 4387 contectum
818 4321 986 4386 refovens.

260 4453 383 4460 ——
418 4452 1329 4464 *Μ
1335 4456 1389 4462 -.-

344 4501 484 4551 tcoruloi
551 4501 564 4548 7
576 4502 654 4563 sorae
668 4501 793 4566 sapphiri
864 4503 894 4551 15
910 4501 1019 4552 formae
1032 4502 1138 4568 Aquila
1207 4506 1237 4552 18
1254 4510 1391 4553 exteucta

384 4596 458 4633 [tuum
472 4598 526 4642 Opp.
541 4594 661 4640 lar.11‚³.
1208 4596 1233 4635 26
