3390 5122
544 435 588 479 DE
611 432 854 480 coalrosl'rlolffl
877 434 1061 495 IMAGINVM,
1083 435 1104 478 1.

708 809 860 876 oAPVr
888 811 927 877 V.

258 972 368 1012 Locorum
379 972 467 1025 monio,
480 984 575 1023 quorum
587 973 715 1012 communla
727 974 889 1023 quintuplicem
902 973 1036 1013 relationem
1048 975 1173 1024 orrsclplunl
1186 975 1251 1015 aditu
1261 976 1377 1027 orientali,

584 1062 709 1112 occident,
721 1063 816 1115 merim,
828 1067 925 1114 septem.
936 1069 959 1104 ct
969 1063 1051 1104 medlo.

334 1286 422 1352 Heic
445 1308 507 1373 per
529 1287 605 1352 loca
629 1287 826 1353 communia
849 1287 1079 1374 intelligimus
1107 1311 1213 1354 unam
1236 1290 1387 1355 locorum

198 1409 219 1474 5
242 1411 509 1500 particularium
533 1412 843 1496 coordinationem,
868 1412 958 1479 sicut
985 1413 1136 1501 exempli
1163 1414 1278 1500 gratia
1301 1421 1388 1480 tern-

243 1538 341 1625 plum
360 1558 469 1602 unum
488 1537 544 1602 vel
562 1537 684 1624 templi
708 1559 823 1611 aream
840 1560 957 1620 unam,
979 1539 1168 1605 claustrum
1187 1562 1309 1623 unum,
1330 1539 1389 1605 ba-

243 1661 360 1728 silicae
384 1662 488 1727 unius
516 1663 571 1727 vel
595 1662 713 1749 magni
737 1661 883 1728 triclinii
911 1665 1207 1750 conceptaculum,
1234 1664 1327 1750 quod
1351 1665 1388 1730 in

241 1786 436 1875 praedictos
455 1787 601 1874 angulos
625 1794 658 1853 et
678 1787 794 1874 spacia
814 1789 1021 1873 angulorum
1045 1797 1079 1853 et
1102 1789 1297 1875 spaciorum
1321 1788 1387 1854 dif-

242 1912 407 1979 ferentias
426 1912 557 1999 poteris
581 1912 784 1978 distinctum
803 1912 1007 1999 intelligere.
1023 1915 1091 1979 Per
1108 1914 1185 1980 loca
1208 1935 1287 1979 vero
1311 1936 1386 2000 par·

178 2037 221 2102 10
245 2038 405 2104 ticularia
429 2036 648 2104 substantiva
676 2038 905 2125 intelligimus
929 2039 1044 2126 ipsum
1069 2040 1250 2126 angulum,
1275 2037 1388 2126 ipsam

245 2163 364 2249 anguli
384 2163 539 2228 dextram
559 2163 614 2228 vel
638 2162 829 2247 sinistram,
859 2163 971 2250 ipsum
1001 2164 1109 2252 spacii
1137 2163 1290 2230 lateralis
1318 2186 1387 2230 me·

243 2288 338 2354 dium
354 2288 410 2353 vel
426 2288 653 2372 quodcunque
670 2288 851 2374 sigillatim
870 2290 1028 2354 aliorum.
1046 2290 1140 2368 Quae
1155 2295 1285 2375 partes,
1307 2289 1388 2354 arti-

243 2414 312 2479 culi
331 2436 390 2480 seu
408 2414 560 2479 membra
578 2414 747 2498 quaedam
763 2414 954 2479 communis
969 2415 1037 2480 loci
1059 2414 1302 2502 perhibentur,
1326 2438 1388 2503 per

244 2540 453 2606 adlectivum
471 2541 586 2605 locum
605 2540 797 2606 animatum
820 2542 876 2607 vel
895 2541 1126 2607 inanimatum
1149 2541 1314 2628 quiddam
1337 2541 1389 2607 in·

177 2659 218 2723 15
242 2665 445 2752 telligimus,
467 2665 558 2752 quod
576 2689 638 2753 per
661 2666 757 2732 aliud
775 2650 920 2732 diversis
938 2689 1002 2754 pro
1021 2667 1258 2734 occasionibus
1278 2667 1388 2735 diver·

242 2790 372 2856 simodo
395 2813 431 2855 se
459 2814 494 2856 se
524 2791 664 2876 habeat,
693 2799 872 2859 moveatur
899 2799 1004 2879 atque
1035 2800 1185 2876 moveat,
1217 2798 1387 2879 quatenus

242 2915 430 3002 imaginem
465 2939 525 2983 seu
557 2916 704 2983 formam
738 2917 892 2984 vivificet
926 2924 961 2984 et
995 2924 1216 3005 vegetantem
1249 2916 1387 2983 efficiat.

243 3041 345 3106 Nunc
370 3049 524 3130 superest
547 3050 587 3108 ut
606 3043 734 3109 centris
753 3044 958 3130 angulisque
974 3048 1049 3130 (pro
1062 3043 1255 3129 quibusque
1274 3042 1386 3125 atriis)

242 3164 414 3238 adiectiva
438 3168 674 3235 huiuscemodi
698 3169 774 3234 loca
796 3169 1018 3258 destinemus.

696 3501 849 3568 OAPVT
883 3503 941 3568 VI.

637 3666 698 3706 Loca
713 3666 827 3706 adlectlva
842 3667 895 3706 atrii
909 3667 990 3707 altaris

422 3756 521 3806 quinque
536 3756 614 3796 formio
628 3756 727 3797 varlabls
740 3767 768 3797 ex
780 3755 915 3806 quintupllci
926 3756 1057 3798 adalstenus
1069 3757 1201 3799 sltuatlone.

331 4025 373 4089 ln
397 4021 485 4088 atrio
521 4021 640 4086 altaris
668 4019 711 4085 ad
747 4018 913 4106 angulum
942 4016 1085 4084 orientis
1113 4023 1165 4082 est
1196 4038 1286 4102 aqua
1322 4015 1388 4081 dif-

242 4152 367 4232 fluens,
387 4149 431 4214 ad
450 4148 625 4212 dexteram
646 4151 813 4226 aratrum,
833 4143 877 4209 ad
897 4142 1073 4208 sinistram
1093 4148 1224 4206 catena.
1249 4140 1305 4206 Ad
1329 4163 1386 4206 an·

174 4273 218 4338 25
241 4276 361 4363 gnlum
383 4271 569 4338 occidentis
587 4278 638 4336 est
658 4270 768 4353 arbor,
789 4267 833 4334 ad
852 4268 1009 4333 dextram
1026 4267 1131 4351 aries,
1148 4267 1192 4332 ad
1208 4266 1386 4332 sinistram

334 4450 475 4514 tlsepent.
540 4447 555 4495 5
570 4445 730 4508 gratiafftia
794 4443 1011 4510 laqueataque
1075 4442 1212 4494 lacarias

375 4544 450 4583 baum
464 4543 518 4591 opp.
533 4542 574 4581 lot.
585 4539 619 4588 11,
631 4539 652 4578 3.
1201 4535 1225 4574 1¹1

1411 805 1483 868 34
