3390 5122
217 379 275 436 352
653 394 793 439 rounam
814 395 916 440 uavru

213 569 275 633 per
297 547 535 636 simpliciores
559 548 712 615 infantes
748 555 783 614 et
810 549 965 616 rudiores
993 549 1030 615 in
1058 551 1258 637 sapientum
1285 573 1381 617 con·

212 672 382 739 fusionem
410 675 466 740 vel
496 674 770 741 aedificationem
799 675 886 742 solet
916 675 1076 758 evehere;
1105 678 1135 741 b.
1163 677 1249 761 quia
1273 677 1379 747 nihil

213 798 426 864 intentatum
452 805 487 865 et
509 822 571 886 per
599 799 763 866 iniuriam
792 802 847 868 vel
871 800 939 867 alia
974 801 1112 869 ratione
1140 802 1377 888 praetermis·

214 947 288 990 sum
305 946 368 1011 pro
387 925 545 992 veritatis
564 932 599 991 et
618 927 772 993 iustitiae
788 949 890 993 causa
908 926 1032 993 debeat
1047 948 1128 994 esse.

169 1049 190 1111 5
303 1051 341 1116 Si
363 1051 467 1118 tertio
491 1051 597 1119 invisi
616 1053 743 1120 erimus
762 1076 804 1119 ex
822 1052 935 1142 specie
959 1052 1248 1140 importunitatis,
1278 1055 1370 1139 qnia

212 1174 446 1260 frequenitius
474 1176 518 1243 ad
545 1177 711 1244 iudicium
734 1179 976 1260 convenimus,
1000 1177 1090 1245 ratio
1110 1183 1162 1245 est
1183 1180 1368 1264 generalis
1398 1192 1479 1256 53
1495 1195 1539 1256 F

213 1323 255 1366 ex
282 1324 322 1368 eo
355 1302 438 1388 quia
461 1310 676 1390 opportunae
705 1288 788 1370 sunt
826 1303 1021 1373 occasiones
1049 1310 1084 1370 et
1113 1303 1366 1389 incitamenta,

213 1449 275 1512 per
304 1449 391 1513 quae
419 1428 547 1512 invidi,
577 1429 741 1515 maligni,
770 1429 904 1495 inimici
932 1428 1104 1512 iustitiae,
1134 1429 1298 1496 veritatis
1329 1440 1370 1498 et

212 1551 389 1636 scientiae,
413 1574 485 1619 non
508 1553 704 1638 quiescunt,
728 1576 799 1620 non
823 1554 1012 1639 dormiunt,
1041 1562 1076 1621 et
1104 1561 1272 1644 perpetuo
1297 1577 1369 1642 pro

148 1684 190 1746 10
212 1676 307 1742 avita
331 1678 562 1765 malignitate,
587 1679 799 1765 ignorantia,
829 1682 913 1764 otio,
943 1689 1088 1766 quaestu
1120 1688 1156 1748 et
1183 1680 1369 1751 similibus

215 1823 310 1868 arma
330 1809 467 1870 assueta
484 1812 674 1870 resumunt.

303 1926 340 1992 Si
365 1937 488 2014 quarto
511 1936 653 2017 propter
677 1929 912 2016 insolentiam,
933 1931 1015 2017 quia
1039 1931 1121 1997 novi
1143 1937 1179 1996 et
1201 1940 1369 1999 recentes

212 2074 451 2139 appareamus
472 2060 556 2121 tunc
579 2056 668 2122 ratio
691 2063 852 2143 prompta
871 2063 923 2122 est
946 2080 966 2122 a
989 2078 1081 2123 nova
1099 2078 1200 2121 causa
1224 2067 1368 2144 exorta,

213 2176 256 2242 ab
281 2177 417 2244 insueto
441 2202 538 2263 casu3
562 2181 662 2248 novis
685 2181 813 2247 etenim
836 2181 1103 2268 exsurgentibus
1132 2181 1255 2264 causis,
1288 2205 1370 2250 non

150 2308 190 2369 15
215 2301 341 2368 mirum
360 2311 412 2370 est
431 2305 461 2371 si
479 2306 562 2372 novi
580 2313 759 2393 emergant
778 2305 929 2373 effectus.

671 2624 770 2691 OAP.
806 2627 907 2692 XIII.

401 2772 435 2810 De
450 2771 618 2812 conditionibus
633 2773 772 2812 narrationis
787 2773 811 2812 in
823 2774 902 2814 eodem
917 2785 1001 2823 genere
1015 2770 1172 2815 ‹leltbcratlvo

300 3053 461 3119 Narratio
484 3053 713 3134 instituenda,
734 3052 896 3117 canonice
913 3052 1150 3119 consideratur
1166 3054 1221 3118 vel
1237 3077 1370 3123 secun-

210 3181 292 3244 dnm
305 3202 390 3261 rem,
403 3180 458 3244 vel
474 3178 661 3245 secundum
678 3178 728 3243 rei
745 3178 872 3244 circum
884 3177 1075 3262 latentiam,
1093 3179 1147 3244 vel
1166 3180 1369 3251 secundum
1400 3196 1483 3259 54
1496 3199 1538 3261 F

144 3305 358 3376 201n0dum.
384 3304 547 3369 Narratio
570 3304 679 3388 igitur
703 3304 728 3368 I.
754 3303 940 3368 secundum
971 3327 1043 3369 rem
1067 3304 1122 3368 vel
1150 3326 1367 3375 commemo-

211 3440 265 3496 rat
288 3438 322 3496 et
346 3431 536 3496 annunciat
553 3429 755 3516 praeterita,
772 3430 825 3494 vel
844 3430 987 3516 exponit
1005 3431 1236 3515 proponitque
1259 3452 1370 3516 prae-

211 3558 337 3639 sentia,
359 3556 414 3620 vel
432 3554 601 3642 praedicit
614 3555 956 3642 praeinvestigatque
972 3554 1100 3621 futura.
1118 3555 1212 3620 Haeo
1236 3559 1367 3624 omnia

211 3663 429 3752 enuncianda
469 3690 550 3749 sunt
590 3681 819 3764 sufficienter,
859 3681 969 3746 nihilo
1010 3681 1253 3768 praetermisso
1301 3687 1367 3752 vel

212 3811 301 3896 quod
324 3807 606 3897 praetermissum
626 3830 697 3872 esse
724 3807 892 3888 videatur;
913 3809 943 3871 2.
963 3829 1033 3872 non
1056 3806 1276 3873 admiscenda
1303 3833 1367 3876 ex-

144 3938 186 3998 ‘25
211 3942 343 4018 tranea,
361 3940 481 4020 utpote
498 3956 585 4019 quae
600 3955 712 4018 neque
729 3941 810 3998 sunt
829 3933 942 4019 ipsum
961 3933 1153 4018 negotium,
1179 3955 1295 4017 neque
1316 3937 1366 4004 ad

211 4063 323 4146 ipsum
343 4060 521 4145 nogotium
542 4066 716 4146 spectant3
738 4062 768 4124 3.
793 4059 880 4124 nihil
904 4058 1159 4124 immutandum
1183 4056 1238 4123 vel
1262 4064 1366 4143 quod

211 4186 432 4251 immutatum
453 4209 524 4251 esse
547 4185 714 4251 videatur.
735 4185 780 4250 Π.
798 4184 1144 4250 Circumstantiarum
1165 4190 1287 4249 exacta
1306 4197 1366 4255 cst

307 4461 320 4508 7
339 4468 479 4525 oportunp
494 4460 519 4508 F
582 4461 611 4508 12
627 4464 730 4526 quarto
746 4459 782 4509 G:
795 4461 819 4509 4.
835 4460 862 4509 F
925 4460 954 4509 18
971 4457 1151 4508 instituenda
1169 4457 1311 4510 canonice
1334 4461 1363 4512 0
