3390 5122
516 432 561 475 oe
581 429 822 476 coneosrnona
842 428 1025 491 reserarit,
1048 428 1094 472 111.
1320 409 1378 468 307

681 722 834 789 OAPV'P
869 723 935 787 XI.

680 867 782 920 sigillum
797 871 825 910 X.
841 870 941 910 Caelum.

327 1076 544 1145 Flammiferi
562 1085 601 1142 ut
619 1077 734 1142 valeas
753 1074 943 1142 describere
962 1081 1059 1161 septa
1074 1073 1260 1161 profundi⁷

239 1205 312 1269 Ista
331 1203 518 1270 formarum
539 1202 641 1269 series
657 1201 792 1268 ratione
809 1206 944 1267 retenta
963 1207 1016 1265 est

195 1325 216 1387 b
240 1329 402 1394 Partibus
422 1327 639 1416 inpropriis,
660 1325 767 1414 cyclis
786 1326 816 1392 ei
834 1325 924 1392 forte
943 1325 1076 1391 duobus
1188 1396 1190 1400 ,

240 1454 366 1520 'Potum
385 1452 556 1541 dispescas
575 1453 723 1538 magnis,
742 1452 868 1536 quibus
887 1451 1040 1537 undique
1060 1459 1174 1518 rectus

240 1578 400 1664 Angulue
420 1584 471 1643 est
489 1577 627 1665 gemino
648 1578 855 1664 quatruplex
874 1577 916 1642 de
932 1576 1070 1642 cardine
1087 1600 1250 1663 surgens3

239 1704 325 1769 Inde
340 1703 445 1769 etiam
465 1703 502 1768 in
520 1703 677 1790 geminas
696 1701 928 1788 quadrantum
948 1725 1084 1788 quoque
1103 1702 1215 1768 soluto

241 1830 372 1913 Partes,
393 1828 546 1895 diveniet
564 1827 772 1923 succinctior
789 1828 856 1894 ista
876 1826 1032 1894 facultas.

178 1958 218 2022 10
240 1955 328 2021 Nam
350 1962 479 2041 quanto
500 1954 537 2020 in
556 1955 671 2042 plures
689 1953 753 2021 hoc
772 1953 902 2041 parteis
923 1953 1170 2036 distribuetur,

240 2080 353 2147 Tanto
373 2103 458 2168 opus
477 2089 632 2147 occurret
651 2102 806 2146 securum
826 2103 866 2146 ac
884 2079 1081 2167 promptius
1101 2079 1203 2146 ultre.

240 2209 347 2274 Porro
366 2206 395 2272 si
415 2229 496 2272 sena
515 2207 552 2272 in
571 2207 741 2292 triquetra
760 2205 937 2271 scindetur
955 2205 1100 2272 horizon

241 2335 355 2416 Unuca,
372 2339 407 2398 et
424 2332 462 2397 in
481 2332 625 2397 totidem
644 2338 760 2418 partes
779 2330 986 2396 discinditur
1006 2333 1106 2417 alter,

240 2459 286 2522 Et
303 2457 442 2523 basibus
462 2465 574 2522 terrae
593 2458 696 2521 finem
716 2455 774 2521 det
793 2455 942 2539 fimbria,
965 2463 1084 2522 vertex

176 2596 217 2658 15
242 2582 322 2664 (Qui
341 2589 496 2647 centrum
517 2590 568 2648 est
586 2587 748 2669 punctus)
767 2581 958 2647 communis
973 2581 1141 2646 terminus
1157 2582 1290 2647 horum.

242 2705 392 2793 Concipe
411 2706 492 2772 dein
511 2712 604 2772 certa
624 2712 798 2772 sextantes
815 2705 853 2770 in
871 2705 1011 2792 regione

244 2831 421 2915 sensibili,
443 2841 478 2899 et
495 2831 597 2898 lateri
612 2831 772 2919 proprius
792 2829 997 2918 comprende
1016 2831 1145 2917 figuras

242 2958 289 3023 Et
307 2980 476 3024 numeros.
496 2959 627 3023 Domus
647 2981 715 3023 una
733 2965 848 3044 potest
867 2956 1109 3044 comprendere
1128 2962 1251 3023 totum.

331 3220 347 3266 a
375 3206 524 3271 Nomina
552 3206 705 3292 partium
749 3207 833 3271 caeli
866 3213 948 3271 sunt
990 3207 1187 3294 triangulus
1221 3207 1379 3290 orientis,

176 3344 220 3407 20
243 3331 340 3396 cuius
370 3329 483 3417 cuspis
507 3337 558 3395 est
581 3337 731 3416 punctus
764 3330 916 3416 quinque
951 3331 1056 3397 etiam
1089 3330 1166 3397 aliis
1199 3332 1384 3418 triangulis

243 3456 449 3538 communis,
473 3479 575 3543 snper
597 3455 727 3522 vertice
750 3461 864 3542 (quem
892 3464 1061 3542 punctum
1084 3457 1176 3522 zenit
1200 3457 1380 3544 appellant

244 3582 390 3666 Arabos,
411 3590 445 3648 et
469 3581 666 3669 oppositum
685 3580 737 3647 illi
759 3581 885 3664 nadir);
909 3583 1000 3647 latus
1023 3604 1104 3648 vero
1129 3605 1236 3647 unum
1261 3581 1307 3648 sit
1335 3582 1379 3648 ab

244 3709 361 3772 ecdem
385 3717 514 3794 puncto
537 3730 636 3773 arcus
659 3730 768 3794 usque
796 3707 839 3772 ad
861 3714 1030 3795 punctum
1055 3730 1121 3793 quo
1146 3707 1306 3794 ecliptica
1333 3732 1383 3773 se·

245 3841 300 3897 cat
327 3833 552 3918 horizontem,
577 3833 669 3899 basis
696 3833 740 3899 ab
768 3833 888 3900 eodem
917 3840 1047 3920 puncto
1076 3856 1184 3919 usque
1209 3832 1252 3898 ad
1275 3857 1384 3921 punc·

178 3968 221 4030 25
245 3966 320 4024 tum
348 3957 408 4043 qui
432 3958 597 4024 terminat
624 3966 816 4025 sextantem
843 3959 954 4025 lineae
981 3957 1183 4039 horizontis,
1213 3958 1384 4044 reliquum

244 4085 336 4149 latus
360 4083 403 4148 ab
427 4083 491 4148 hoc
514 4083 663 4148 termino
686 4083 730 4148 ad
753 4083 846 4148 zenit
869 4082 1068 4148 verticalem
1091 4090 1260 4169 punctum
1285 4083 1386 4148 intel·

245 4210 326 4294 ligo.
352 4208 409 4273 Sic
432 4231 494 4294 pro
522 4209 596 4274 loeo
624 4207 826 4296 particulari
854 4208 987 4273 caelum
1011 4207 1096 4273 mihi
1121 4209 1159 4273 in
1185 4206 1384 4293 duodeleim
1411 4218 1517 4284 202

338 4482 354 4531 9
370 4481 529 4532 succintior
592 4482 624 4530 23
641 4480 786 4546 eclyptica
