3390 5122
766 430 904 475 [onnam
926 429 1028 475 BRVNI

702 689 870 729 Nomenrlstor.
888 688 964 729 xvffl
978 688 1085 738 sigillum.

415 865 580 948 Habitus,
617 887 729 949 casae,
768 865 1052 949 instrumentum,
1086 864 1177 930 actio
1212 870 1248 928 et
1282 864 1474 930 attributae

329 990 452 1075 cuique
468 989 761 1074 circumstantiae,
780 1011 821 1054 ex
840 989 1086 1055 elementorum
1106 988 1473 1075 combinationumque

328 1114 457 1181 habitis
477 1115 695 1202 significatis,
714 1114 895 1203 proprium
913 1115 1064 1181 externis
1084 1115 1278 1182 insinuabit
1296 1137 1431 1182 nomen.

286 1359 307 1421 5
389 1420 392 1428 ,
753 1376 863 1416 notoria.
879 1378 931 1416 xix
945 1377 1053 1426 aurnum.

420 1553 464 1617 In
486 1575 556 1619 uno
578 1552 674 1618 videt
698 1553 787 1619 atrio
815 1575 876 1620 suo
905 1554 1088 1621 collocatos
1115 1578 1177 1643 per
1201 1555 1358 1622 ordinem
1380 1555 1475 1643 prin-

331 1678 425 1765 cipes
443 1677 659 1744 Plutarchus.
679 1678 813 1744 Horum
828 1678 909 1744 inde
926 1680 1081 1766 singulos
1100 1680 1283 1763 deducens,
1300 1703 1361 1768 per
1378 1703 1476 1746 orna-

331 1807 406 1867 tum
442 1802 805 1888 ordinatissimumque
835 1827 996 1893 campum
1025 1813 1226 1893 promovet,
1256 1813 1291 1872 et
1321 1806 1476 1892 singulos

332 1927 430 1991 docet
449 1948 510 1992 suo
529 1932 678 1992 tractare
701 1935 817 2013 partes
840 1929 969 1994 ordine.
991 1931 1033 1995 In
1049 1930 1119 1996 illis
1144 1953 1248 2016 quam
1272 1931 1367 1996 varie
1385 1931 1476 1996 varii

271 2055 315 2118 10
337 2052 427 2118 affici
449 2060 607 2140 possunt,
628 2053 705 2138 quis
729 2075 799 2119 non
822 2054 940 2120 videt?

697 2361 702 2367 ἱ
791 2303 846 2343 Lex.
860 2302 900 2342 XX
916 2303 1025 2352 sigillum.

422 2477 479 2542 An
503 2478 647 2542 nonita
679 2478 743 2542 sub
778 2477 954 2543 volumine
980 2477 1101 2560 libros,
1130 2480 1194 2545 sub
1218 2480 1317 2546 libris
1340 2480 1476 2562 titulos,

334 2603 398 2668 sub
415 2602 528 2667 titulis
544 2601 650 2688 legeS,
664 2601 728 2667 sub
747 2602 882 2687 legibus
898 2602 1036 2669 illarum
1053 2605 1288 2693 paragraphos
1304 2607 1477 2694 accipies?

758 2852 862 2904 Physica.
876 2853 928 2893 xxi
942 2853 1047 2902 sigillum.
1503 2836 1622 2900 208

272 3044 312 3106 15
424 3035 491 3099 Pro
529 3033 628 3098 libris
659 3033 882 3119 Hippocratis
915 3033 958 3097 ad
994 3043 1126 3099 certum
1157 3041 1337 3099 numerum
1368 3035 1478 3100 habeo
1512 3106 1515 3111 ,

335 3160 551 3246 hypostases,
572 3182 658 3243 quae
677 3179 740 3244 pro
759 3157 990 3223 subiectorum
1012 3159 1130 3225 ordine
1154 3181 1189 3223 se
1211 3167 1370 3245 gerentes
1395 3159 1480 3244 quid

336 3291 387 3349 est
412 3285 503 3368 quod
526 3306 596 3349 non
619 3283 721 3349 facile
740 3283 943 3370 perficiant?

774 3533 872 3572 Mensor.
888 3533 953 3572 xxn
967 3533 1035 3582 sigili.

425 3721 544 3786 Habeo
569 3719 797 3785 terminorum
825 3717 1036 3805 simplicium
1064 3721 1163 3782 notas
1187 3739 1267 3781 sene
1291 3715 1479 3782 denotante

271 3863 315 3924 ‘20
337 3847 568 3932 triangulum,
599 3844 747 3931 geminis
782 3842 1060 3929 significantibus
1095 3841 1289 3928 parallelae,
1321 3841 1479 3907 lancibus

337 3971 595 4056 aequalitatem,
616 3970 693 4034 aliis
712 3969 781 4033 alia
801 3968 1035 4035 conformibus
1059 3990 1147 4052 quae
1163 3989 1233 4031 non
1257 3974 1339 4031 sunt
1358 3967 1478 4031 multa.

336 4096 421 4162 Inde
450 4103 702 4182 componuntur
731 4100 838 4178 (quae
867 4095 904 4157 in
933 4092 1129 4178 quindecim
1153 4091 1299 4156 veniunt
1323 4091 1478 4173 ordines)

337 4223 515 4287 elementa.

430 4488 445 4537 6
462 4493 524 4546 suo]
539 4501 591 4535 sno
657 4488 671 4536 7
688 4485 842 4535 Pluterous
907 4486 938 4534 15
952 4482 1148 4549 Hyppocratis
