3390 5122
218 374 276 432 346
658 382 797 428 manum
818 382 921 427 envru

219 563 338 609 eorum
361 540 632 606 ministeriorum
654 538 848 626 puniantur
871 539 1019 623 (malunt
1047 539 1139 605 enim
1162 540 1288 628 populi
1314 555 1403 606 eat

219 690 294 732 rere
312 666 531 753 magistratu,
553 688 656 751 quam
672 664 715 730 ab
732 664 850 730 eedem
869 664 1035 737 iniuriose
1053 666 1225 749 tractari),
1247 666 1304 730 11.
1324 688 1378 732 ne

221 815 344 859 causae
361 791 580 879 litigantium
592 790 730 876 longius
748 789 1013 876 protrahantur,
1031 792 1081 856 12.
1099 814 1142 859 ne
1160 814 1202 856 ex
1216 813 1303 877 agro
1324 791 1379 857 ad

220 920 341 985 urbem
361 924 455 985 totus
474 918 623 1018 populus
641 915 854 999 relvocetur3
874 917 956 983 hinc
979 917 1071 982 enim
1094 917 1217 983 turbae
1239 922 1278 982 et
1302 916 1383 983 dis·
1409 917 1480 980 41
1496 919 1542 980 F

180 1056 201 1119 5
223 1045 398 1113 sanniones
422 1044 524 1111 facile
547 1043 721 1128 oriuntur,
742 1051 776 1108 et
794 1067 985 1132 paucorum
1003 1049 1156 1131 potestas
1178 1042 1382 1109 multorum

222 1170 390 1237 violentia
407 1169 616 1236 dissolvitur.

692 1444 791 1510 GAP.
825 1445 903 1510 VII.

462 1589 524 1629 Loca
537 1593 560 1629 et
574 1600 614 1639 pro
630 1589 697 1629 sociis
711 1589 864 1629 adsciscendis
879 1593 902 1630 ct
914 1590 1005 1631 loedere
1020 1591 1134 1631 faciendo.

313 1811 468 1880 Uniones
491 1818 527 1876 et
549 1810 688 1877 foedera
712 1809 802 1876 fiunt
825 1816 860 1876 11
882 1810 1147 1898 persuadentur,
1174 1812 1202 1877 1.
1226 1812 1283 1878 vel
1307 1836 1381 1900 per

160 1944 203 2008 10
225 1937 401 2026 propriam
424 1936 699 2003 imbecillitatem
723 1935 806 2020 quia
829 1957 891 2001 nos
915 1935 1119 2021 imbecilles,
1139 1938 1169 2002 2.
1195 1935 1381 2023 111111111-

222 2065 295 2131 lum
315 2062 454 2150 aliquod
473 2061 647 2146 imminet,
665 2063 694 2125 3.
715 2061 796 2147 quia
816 2061 969 2147 aliquam
988 2061 1216 2129 defectionem
1235 2065 1380 2150 excogi-

223 2195 317 2274 tant,
338 2189 368 2253 4.
389 2188 472 2274 quia
490 2187 619 2254 hicum
639 2186 764 2274 quibus
781 2193 833 2252 est
848 2186 1092 2287 paciscendum
1111 2194 1145 2253 et
1164 2189 1380 2255 convenien-

225 2314 305 2381 dum
322 2313 407 2380 iusti
426 2320 507 2380 sunt
525 2320 560 2378 et
578 2313 781 2401 prudentes,
798 2314 829 2378 5.
847 2314 928 2398 quia
944 2313 1173 2380 amicabiliter
1187 2315 1377 2383 nobiscnm

225 2464 328 2528 agere
364 2462 583 2523 consuevere,
609 2441 638 2504 6.
664 2438 746 2526 quia
769 2439 877 2504 vicini
901 2449 982 2506 sunt
1010 2461 1094 2525 quos
1118 2462 1188 2505 non
1212 2440 1287 2506 sine
1311 2465 1377 2529 pe·

160 2575 201 2639 15
225 2566 333 2632 riculo
359 2565 518 2631 inimicos
540 2566 596 2631 vel
627 2588 696 2632 non
721 2566 848 2632 amicos
876 2565 1094 2650 habebimus,
1126 2568 1155 2631 7.
1181 2566 1263 2651 quia
1287 2577 1378 2634 sunt

224 2691 331 2757 fortes
355 2699 391 2757 et
412 2698 580 2780 potentes.

688 2953 788 3020 GAP.
824 2954 920 3022 VIII.

635 3098 695 3139 Loca
709 3111 750 3149 pro
765 3099 823 3139 bello
838 3100 956 3139 movendo.

313 3303 403 3368 Belli
418 3310 552 3369 motum
567 3304 863 3390 persuadebimus,
885 3309 911 3370 1.
930 3329 972 3371 ex
991 3329 1031 3372 eo
1051 3307 1143 3393 quod
1160 3308 1374 3393 tempestive

159 3439 203 3501 20
226 3430 267 3494 de
289 3428 440 3495 inimicis
464 3429 551 3494 ultio
576 3437 628 3494 est
651 3431 830 3515 sumenda,
855 3455 898 3496 ne
923 3455 1054 3498 moram
1077 3432 1286 3498 facientibus
1313 3435 1377 3500 ad·

225 3555 369 3620 versarii
393 3556 504 3639 magis
527 3563 772 3642 praecaventes
788 3556 1026 3624 vehementius
1043 3557 1232 3639 obsistant;
1254 3559 1258 3645 l
1279 3560 1311 3623 2.
1329 3584 1378 3626 ne
1411 3572 1555 3639 132(

225 3689 489 3768 provocatoriam
508 3681 714 3768 patientiam
735 3680 921 3747 adversarii
945 3705 1008 3769 pro
1026 3682 1317 3770 pusillanimitate
1338 3692 1379 3751 et

226 3807 466 3872 imbecillitate
479 3807 765 3894 interpretentur,
780 3806 992 3893 subindeque
1005 3809 1048 3874 ad
1065 3808 1270 3874 laedendiun
1282 3808 1379 3876 fiant

227 3931 425 3999 audaciores
449 3933 516 4019 ipsi
541 3933 595 3997 vel
620 3955 737 3999 eorum
761 3934 917 4021 exemplo
941 3934 1021 4015 alii,
1044 3936 1074 3998 3.
1099 3934 1181 4019 quia
1206 3933 1378 4003 debemus

161 4061 204 4123 ‘25
226 4058 290 4124 hoc
309 4059 524 4146 parentibus,
539 4057 636 4141 filiis,
650 4058 831 4144 proximis,
850 4060 968 4124 amieis
988 4066 1066 4141 etc.;
1087 4060 1117 4123 4.
1136 4061 1216 4145 quia
1235 4081 1381 4127 succur-

226 4183 369 4248 rendum
385 4192 418 4247 et
431 4183 704 4249 subveniendum
717 4191 769 4248 est
781 4185 961 4270 oppressis
980 4207 1088 4270 usque
1100 4185 1226 4270 quibus
1239 4184 1382 4253 violen-

317 4454 334 4501 8
350 4456 379 4501 11
392 4452 515 4516 (intranei
528 4471 546 4500 a
560 4454 621 4517 pro)
637 4468 685 4500 om.
703 4451 727 4502 G
790 4452 821 4502 26
837 4468 927 4517 vsque
941 4455 978 4504 lr':
994 4459 1023 4502 et
1037 4453 1059 4502 Θ
1068 4471 1073 4502 :
1082 4454 1108 4517 s.
1122 4451 1232 4518 atque?
