3390 5122
572 465 617 509 ns
637 464 796 509 11111111
816 466 1015 510 venareum.
1323 451 1360 508 31

217 645 301 688 nus:
320 621 472 709 primum
489 622 527 687 in
546 644 614 707 quo
634 621 729 709 ipsae
747 621 1030 709 philosophorum
1049 629 1162 688 sectae
1180 622 1362 688 adversan-

216 755 286 832 tur,
300 748 488 813 secuudum
500 747 538 813 in
550 770 617 833 quo
630 747 757 834 vulgus
772 747 810 812 in
823 771 858 813 se
876 749 951 835 ipso
968 753 1020 812 est
1035 746 1201 830 divisum,
1218 748 1362 813 tertium

216 873 253 938 in
273 895 340 960 quo
370 873 568 960 philosophi
594 873 853 939 contrariantur
880 872 1112 956 multitudini,
1133 878 1297 959 quartum
1325 873 1363 938 in

216 1021 286 1085 quo
315 1021 448 1065 111166
477 998 697 1087 principibus
725 999 921 1086 sapientum
949 998 1157 1087 positionem
1184 999 1362 1086 propriam

172 1132 192 1195 5
216 1131 338 1190 contra
354 1147 571 1192 communem
590 1147 728 1191 sensum
744 1147 805 1190 sua
824 1125 920 1191 velut
931 1124 1132 1190 heteroclita
1151 1123 1363 1191 authoritate

216 1249 432 1337 produxerit,
454 1250 614 1335 quintum
630 1248 668 1314 in
690 1271 757 1336 quo
775 1273 846 1316 161
862 1250 936 1316 6116
950 1249 1245 1337 praepollentibus
1265 1272 1364 1335 argu·

218 1376 345 1441 mentis
369 1375 542 1462 quispiam
566 1397 608 1441 ax
632 1375 826 1441 illustribus
844 1381 1016 1461 exsurgat.
1037 1375 1085 1442 Ut
1108 1375 1221 1461 primo
1241 1375 1302 1441 ubi
1320 1374 1363 1440 de

217 1500 372 1568 universi
406 1500 543 1566 finitate
577 1507 612 1566 et
647 1500 835 1567 secundum
869 1499 1148 1586 magnitudinem
1187 1500 1362 1566 infinitate

216 1627 372 1713 quaestio
392 1633 458 1712 est,
479 1626 629 1693 secundo
653 1627 713 1693 ubi
738 1626 779 1692 tle
798 1626 933 1693 unitate
956 1635 1060 1712 atque
1084 1626 1308 1713 simplicitate
1327 1632 1362 1690 et

152 1756 195 1821 10
217 1752 258 1818 de
285 1753 487 1840 pluralitate
514 1757 553 1817 et
578 1752 803 1819 distinctione
830 1751 963 1840 primae
992 1775 1114 1818 causae
1133 1750 1359 1838 disceptatur,

215 1879 319 1943 tertio
339 1878 400 1943 ubi
418 1878 530 1943 virtus
545 1900 623 1943 curn
643 1878 761 1965 inopia
778 1885 812 1944 et
826 1878 1025 1966 ignorantia
1041 1900 1119 1943 curn
1135 1876 1269 1942 divitiis
1285 1898 1362 1942 con·

214 2004 334 2069 iuncta
363 2011 620 2090 comparantur,
646 2011 769 2089 quarto
788 2004 849 2070 ubi
868 2003 1079 2091 Pythagorei
1106 2003 1148 2069 de
1177 2002 1279 2069 rebus
1310 2002 1359 2067 ita
1384 2006 1493 2071 726
1506 2003 1546 2068 G

215 2129 381 2215 inquiunt
393 2130 670 2215 existimandum,
685 2139 725 2196 ut
737 2132 852 2197 sensui
864 2129 1153 2214 uniusculiusque
1165 2130 1360 2216 fiuntprae-
1384 2133 1445 2197 19
1457 2132 1502 2195 Ρ

216 2256 342 2337 sentia,
363 2255 485 2341 quinto
505 2256 566 2321 ubi
584 2263 717 2322 motum
736 2256 889 2343 astrique
908 2263 1069 2322 naturam
1088 2254 1247 2320 nonnulli
1266 2254 1360 2341 peni·

152 2354 192 2445 15
215 2379 285 2445 tius
302 2380 477 2448 intuentes
494 2389 604 2448 terrac
624 2375 794 2447 tribuunt.

709 2673 865 2739 RETlA.

672 3033 698 3096 l.
724 3033 909 3097 Manassis.

252 3248 256 3258 ⁵
303 3268 461 3346 Quatuor
483 3267 793 3354 Peripateticorum
812 3265 974 3355 princeps
997 3274 1201 3334 venatorum
1221 3291 1358 3334 enume-

214 3400 269 3459 rat
288 3394 529 3460 instrumsnta.
544 3394 697 3471 Quorum
714 3391 880 3478 primum,
900 3393 992 3478 quod
1007 3415 1069 3480 per
1089 3394 1175 3460 retia
1192 3393 1361 3480 significa·

149 3524 193 3588 ‘20
216 3541 304 3601 mus,
325 3526 377 3584 est
396 3518 564 3604 quaedam
584 3517 829 3584 sumeudarum
853 3518 1129 3605 propositionum
1148 3526 1252 3604 atque
1272 3541 1361 3584 com·

215 3643 453 3730 ponendorum
478 3644 758 3730 syllogismorum
778 3644 926 3709 facultas
949 3651 1053 3729 atque
1076 3644 1243 3732 potentia.
1267 3645 1363 3711 Haec

214 3792 297 3835 sane
316 3791 356 3835 ea
379 3769 482 3856 plane
501 3769 636 3834 ratione
655 3776 887 3856 comparatur,
913 3769 942 3834 si
966 3769 1251 3835 inveniendarum
1269 3792 1362 3836 assu·

213 3895 486 3979 mendarumque
501 3895 778 3982 propositionum
797 3894 1032 3981 probabilium
1051 3895 1136 3961 scite
1159 3895 1357 3982 intelligan-

214 4029 272 4087 tur
288 4028 393 4106 atque
412 4020 557 4087 firmiter
577 4044 616 4086 ea
640 4026 824 4086 teneantur
847 4044 986 4107 genera,
1008 4045 1094 4108 quae
1114 4046 1132 4087 e
1150 4023 1357 4110 propositio·

149 4152 193 4216 25
216 4167 300 4211 uum
319 4145 461 4231 reliquis
492 4146 677 4230 generibus
707 4145 985 4234 distinguuntur,
1007 4148 1210 4234 seliguntur.
1238 4149 1358 4235 Ipsum

307 4366 398 4431 lipsa
414 4367 464 4417 ΡΑ
512 4368 714 4418 561161661111
733 4368 781 4418 ΡΑ
831 4369 987 4418 autoritate
1006 4369 1030 4417 (τ’
1079 4370 1262 4432 lcxsurgat,
1281 4370 1355 4420 uta

215 4446 246 4495 13
261 4444 413 4511 iinquiunt
433 4448 493 4498 aaz
514 4448 741 4500 nveniondarunr
761 4448 789 4499 in
805 4447 942 4513 principio
964 4447 1069 4515 diripe
1090 4450 1114 4501 G
1178 4451 1216 4500 13.
1227 4451 1257 4500 11
1278 4465 1356 4517 prco-

216 4531 312 4578 seutas
328 4525 352 4579 G
418 4529 456 4580 11.
469 4529 499 4579 15
515 4529 663 4597 pacnicius
676 4532 702 4583 Ρ
764 4531 795 4581 15
812 4528 979 4581 1111111111)
