3390 5122
327 427 387 486 284
765 441 904 487 roncum
924 440 1026 486 enum

327 600 376 667 us
395 599 516 665 nonas
535 598 572 663 in
591 597 695 681 urae,
716 597 753 663 in
771 596 888 682 uriae,
909 598 946 663 in
965 597 1109 681 rursu
1131 571 1212 662 inde
1231 595 1383 679 Diesque

327 723 370 789 In
389 723 529 808 Moncd,
549 723 587 789 in
606 723 725 809 Triad,
742 724 779 789 in
799 723 940 807 Tetrad,
957 731 1061 810 atque
1080 723 1117 788 in
1135 720 1290 787 Pentade
1310 727 1344 785 et
1363 718 1466 801 ultre,

328 850 403 928 Quo
426 872 517 916 nova
535 857 702 953 perpetuo
720 849 837 937 prodit
856 849 1043 938 spectanda
1061 849 1181 936 figura.

327 977 417 1042 Nam
436 998 598 1042 numerus
617 981 729 1042 totum
747 973 907 1059 includit,
928 974 1182 1062 complectitur,
1204 971 1336 1059 explet,

284 1114 305 1178 5
328 1102 378 1169 Ut
395 1101 548 1167 numeris
564 1107 708 1167 cunctae
731 1123 846 1167 rerum
865 1099 1062 1187 speciesque
1081 1105 1260 1180 notentur,

327 1229 374 1293 Et
392 1226 557 1314 gradibus
575 1226 723 1293 Mouedc
741 1226 891 1315 propriis
911 1231 1096 1310 crescente,
1116 1225 1269 1291 laborem

328 1353 375 1417 Et
393 1375 510 1418 curum
528 1352 678 1440 perimat
695 1352 745 1418 rei
764 1350 895 1418 frustra
913 1350 1128 1439 repetendae.

328 1490 346 1539 t
372 1475 555 1555 Quindenu
573 1476 733 1543 Euclides
751 1476 931 1542 hominum
949 1498 1077 1564 genera
1095 1474 1233 1562 accipit.
1254 1472 1341 1539 Inde

892 1759 908 1792 x
1097 1757 1152 1791 xxx

358 1826 402 1876 Ex
418 1824 519 1875 iisdem
604 1760 721 1888 Peiros,
809 1759 968 1876 Adolentes
1010 1830 1096 1890 etque
1114 1823 1229 1874 Puellae

1201 2009 1462 2024 .-.---—-———

422 2101 456 2135 xi,
652 2102 667 2135 L
873 2100 910 2136 LK
1092 2097 1146 2132 Lxx
1316 2093 1387 2128 txxx

266 2146 308 2211 10
347 2163 418 2216 Inde
430 2165 532 2216 Virum
548 2170 636 2232 atque
649 2165 767 2225 Senem,
819 2165 959 2231 Turpem,
1050 2164 1188 2216 Pulcrum
1279 2166 1393 2290 Mutqlpe

1310 2255 1351 2290 ise
1378 2254 1426 2289 um

422 2439 457 2473 xc
653 2440 668 2474 c
876 2442 909 2475 cc
1100 2441 1147 2476 ccc
1321 2437 1385 2472 cccc

366 2503 503 2568 Felicem,
579 2504 736 2569 Grandem,
824 2506 960 2571 Caecum,
1064 2506 1195 2566 Gustum,
1268 2503 1446 2567 Sapientem,

436 2780 453 2813 n
645 2781 679 2814 nc
870 2781 921 2816 noc
1237 2779 1247 2812 1

377 2843 519 2906 Stultum,
575 2843 756 2909 Ridiculum,
779 2843 1002 2910 Patientemque.
1116 2845 1204 2895 Hisce
1222 2844 1370 2903 columne,

344 3036 898 3048 ....---—————-.—-—-

1344 3119 1372 3152 vr

377 3120 504 3234 Fuiirillc
551 3120 767 3250 utquelllripus,
841 3120 941 3248 Sedves,
1064 3119 1187 3250 Serpiene
1253 3184 1453 3250 Laqueusquc.

333 3512 421 3579 Cum
439 3512 582 3599 reliquis
601 3513 751 3600 digitum
769 3536 951 3580 numerum
970 3514 1224 3601 complentibus
1246 3520 1327 3600 apte

269 3638 310 3702 15
334 3639 500 3727 Appostis
517 3639 663 3705 oderunt
682 3637 803 3706 formis
822 3647 912 3706 sorte
932 3638 1165 3706 articulorum.

840 3910 893 3951 Allo
908 3913 973 3952 ratio.

333 4098 405 4162 Aut
422 4119 655 4183 quoscumque
675 4097 741 4163 tibi
760 4120 919 4164 numeros
935 4099 1106 4186 signando
1126 4107 1310 4187 reponant,

335 4222 372 4287 Si
391 4231 529 4288 centum
548 4222 679 4310 gemini
698 4224 851 4311 tripodes
874 4248 1079 4311 mensaeque
1099 4225 1267 4291 subibunt

426 4490 474 4539 1.2
490 4490 563 4540 Diod
577 4496 633 4549 etc]
649 4491 686 4540 ric
750 4493 779 4541 11
798 4493 939 4543 Foolicem
1005 4509 1040 4542 xc
1053 4509 1066 4541 c
1080 4498 1120 4552 cc]
1136 4509 1161 4543 ic
1174 4508 1187 4541 c
1200 4509 1233 4542 cx
