3390 5122
234 378 273 435 22
678 394 817 440 mamm
842 394 944 441 ravin

234 548 317 634 quid
333 549 541 616 affirmatum
557 558 591 615 et
606 551 775 637 producat
790 552 846 617 vel
858 558 1032 637 negatum.
1048 551 1116 617 Per
1132 575 1208 617 eam
1224 551 1262 617 in
1278 574 1378 639 prae-

234 673 423 739 sentiarum
439 675 666 762 multiplicem
683 675 916 741 subieotorum
931 675 1120 762 significari
1136 677 1295 743 volumus
1313 676 1378 741 dif-

232 797 431 884 ferentiam3
455 801 588 867 entium
607 801 700 866 enim
729 802 896 886 quaedam
927 801 1076 868 maxime
1102 801 1277 888 onmium,
1308 803 1376 868 alia

233 926 388 991 omnium
416 926 572 1011 minime,
591 927 742 1014 plurima
771 949 853 993 vero
884 927 966 992 hino
985 927 1124 1012 quidem
1150 929 1276 1015 magis,
1298 929 1378 994 inde

189 1056 314 1120 5Ver0
337 1051 452 1117 minus
476 1053 631 1118 subiecta
649 1052 885 1140 perhibentur.
914 1053 1032 1119 Prima
1056 1060 1137 1119 sunt
1161 1077 1249 1139 quae
1268 1054 1376 1120 omni-

232 1174 296 1242 bus
320 1177 480 1243 substant
499 1184 604 1263 atque
634 1177 867 1244 subiiciuntur
885 1179 1123 1266 particularia,
1145 1202 1300 1266 quaeque
1325 1202 1375 1245 so·

231 1301 405 1369 lummodo
429 1302 695 1388 accildentalem
715 1304 867 1391 recipere
887 1304 1049 1371 dicuntur
1067 1305 1373 1392 praedieationem;
1398 1310 1490 1374 8Ρ

232 1427 381 1493 secunda
400 1450 487 1513 quae
506 1428 595 1495 nulli
613 1430 882 1495 substernuntur
898 1430 1109 1517 praedicato,
1135 1431 1231 1496 etde
1250 1431 1376 1516 quibus

232 1553 418 1618 secundum
438 1553 639 1639 dictionem,
659 1578 729 1621 non
750 1562 866 1622 autem
889 1555 1036 1622 univoce
1056 1556 1236 1644 quippiam
1255 1555 1375 1622 licebit

167 1681 209 1745 10
232 1678 411 1763 affirmari,
440 1681 544 1746 tertia
567 1704 649 1748 vero
674 1681 823 1747 mediam
846 1682 1035 1747 retinentia
1054 1681 1168 1749 sedem
1188 1682 1273 1748 haec
1292 1689 1375 1748 sunt

230 1804 271 1869 de
288 1805 413 1890 quibus
429 1805 497 1871 alia
512 1806 771 1894 praedicantur,
792 1814 826 1872 et
845 1808 990 1894 quaeda
1009 1808 1096 1874 aliis.
1115 1809 1169 1873 Ex
1189 1808 1231 1874 iis
1251 1808 1373 1895 prima,

229 1930 359 1997 scibilis
374 1954 546 2017 nusquam
560 1933 744 1999 subeuntia
758 1933 928 1999 rationem
945 1934 1004 1999 sed
1021 1933 1207 2017 sensibilis,
1225 1933 1373 2019 fabulae,

231 2050 416 2143 opinabilis
435 2064 470 2122 et
487 2057 652 2124 historiae
671 2058 842 2125 limitibus
859 2064 1068 2125 co'e'roentur.
1090 2058 1247 2125 Secunda
1266 2059 1303 2124 in
1323 2059 1371 2124 al-

230 2187 340 2247 teram
356 2182 507 2269 regionis
521 2184 623 2250 huius
640 2191 828 2251 extremam
849 2185 853 2275 l
875 2185 1085 2251 declinantia
1100 2192 1248 2272 partem,
1261 2185 1370 2252 veluti
1396 2189 1496 2255 '719
1513 2189 1555 2256 G

166 2316 206 2380 15
230 2308 355 2395 prima,
376 2333 522 2394 summa,
543 2333 702 2398 suprema
730 2318 765 2376 et
794 2308 1055 2398 generalissima
1080 2313 1261 2398 quaedam,
1289 2311 1371 2377 licet

228 2436 431 2502 inscientiae
462 2436 713 2522 quodammodo
740 2437 935 2524 portionem
955 2417 1157 2521 adcurrent,
1180 2437 1223 2504 de
1251 2437 1294 2502 iis
1322 2443 1373 2501 ta-

229 2562 362 2627 manin
382 2562 441 2628 illa
460 2563 556 2628 nulla
579 2570 694 2649 potest
713 2563 905 2628 essentialis
929 2587 1001 2628 esse
1019 2563 1246 2650 praedicatio,
1267 2568 1371 2648 atque

228 2688 304 2753 ideo
337 2687 500 2754 scientiae
530 2688 890 2775 demonstrativaeque
918 2688 1148 2756 conclusionis
1178 2687 1372 2754 subiectum

229 2837 301 2880 csse
320 2820 510 2899 nequeunt,
528 2814 752 2899 quantumvis
771 2814 831 2879 ubi
851 2814 1043 2880 subiectum
1063 2814 1237 2880 evaserint
1256 2813 1371 2878 inten-

161 2938 206 3003 ‘20
228 2940 376 3025 tionum,
407 2940 470 3006 snb
500 2939 613 3026 logica
642 2940 955 3025 mathematicaqne
985 2940 1119 3006 ratione
1150 2938 1299 3025 quadam
1329 2938 1371 3002 de

227 3064 348 3131 iisdem
367 3066 518 3153 plurima
548 3065 617 3131 dici
635 3089 736 3154 posse
760 3073 903 3133 constat.
920 3067 1037 3132 Tertio
1056 3066 1167 3152 igitur
1195 3065 1270 3131 loco
1290 3086 1371 3129 enu-

226 3197 357 3256 merata
389 3197 540 3274 restant,
570 3212 656 3275 quae
687 3165 965 3275 frequentissime
996 3173 1033 3256 in
1065 3189 1301 3276 quaestionem
1335 3195 1369 3253 et

227 3317 534 3405 contemplativam
551 3314 749 3381 referuntur
767 3316 1056 3404 speculationem,
1077 3315 1238 3400 quocirca
1263 3313 1372 3400 quod·

227 3464 362 3527 cunque
396 3441 709 3528 argumentationis
744 3449 778 3507 et
813 3441 1104 3507 demonstrativae
1137 3440 1368 3507 conclusionis

160 3572 204 3636 ‘25
227 3566 459 3653 scientiaeque
478 3567 672 3632 subiectum
691 3566 874 3654 accipitur,
894 3567 1009 3654 ipsum
1024 3577 1077 3633 est
1092 3566 1237 3654 specieS,
1257 3588 1369 3652 neque

226 3716 301 3759 esse
315 3700 430 3780 potest
453 3692 548 3759 aliud
572 3717 592 3758 a
616 3694 737 3781 specie.
757 3694 837 3781 Ipsa
856 3701 909 3758 est
932 3693 974 3758 de
997 3715 1066 3778 qua
1090 3689 1135 3758 an
1158 3692 1291 3779 aliquid
1318 3692 1370 3756 af·

226 3818 381 3884 firmetur
403 3820 459 3886 vel
488 3828 649 3906 negetur,
679 3826 713 3884 et
741 3819 869 3904 inqua
894 3841 938 3884 an
962 3818 1095 3904 aliquid
1119 3818 1164 3882 sit
1187 3818 1243 3883 vel
1263 3816 1369 3899 absit,

226 3969 267 4010 cx
295 3945 599 4011 circumstantibus
617 3945 801 4031 generibus
825 3966 911 4029 eque
940 3945 983 4009 iis
1008 3967 1095 4030 quae
1123 3945 1214 4009 circa
1241 3965 1370 4029 genera

226 4072 420 4138 consistunt
448 4071 645 4158 inquiritur.
684 4071 812 4136 Eorum
849 4070 1009 4135 universa
1040 4069 1194 4135 membra
1221 4091 1283 4157 per
1312 4091 1369 4134 eas

159 4208 204 4273 30
226 4205 413 4281 quaesunt
432 4199 470 4264 in
489 4198 617 4285 Campo
635 4198 726 4262 circa
741 4197 866 4262 turrim
885 4196 1091 4283 partitiones
1111 4195 1345 4281 designentur.

316 4381 478 4431 lotoruG
542 4382 572 4430 15
589 4379 774 4446 supraemal’
839 4380 869 4428 16
886 4378 1099 4444 quodamodol'
1161 4379 1370 4442 19qnamtum·

224 4461 307 4514 visG
369 4461 597 4528 ceoxqueiisc
