3390 5122
575 644 785 689 Noululssluo
807 642 1024 694 luuvs'rnlovn

287 838 347 938 D.
408 837 812 936 HEINRIOO
869 835 1303 936 EINOELLIO

668 1063 801 1100 uncorum
818 1064 921 1100 DOMINO

381 1231 664 1310 IORDANVS
706 1232 926 1311 BRVNVS
966 1231 1215 1311 NOLANVS

778 1445 812 1511 S.

314 2210 559 2278 Nobilissimae
571 2218 650 2277 tuae
662 2210 788 2277 indolis
803 2213 986 2299 specimen,
1001 2212 1220 2281 vivacissima
1232 2217 1364 2303 ingenii

225 2337 434 2422 sublimitas,
459 2343 667 2422 exactaeque
694 2338 907 2423 generositas
935 2337 1162 2405 humanitatis
1189 2363 1257 2425 me,
1287 2340 1365 2406 illu·

225 2463 305 2530 stris
334 2463 480 2529 Domine
503 2462 636 2546 Enceli,
664 2464 880 2549 provocavit,
902 2465 1069 2551 compulit
1092 2471 1127 2529 et
1155 2464 1299 2531 adduxit
1326 2474 1366 2532 ut

225 2589 263 2655 in
287 2611 437 2677 perenne
465 2589 538 2654 eius
570 2611 637 2673 qua
663 2596 697 2653 te
727 2589 935 2676 complector
955 2590 1194 2656 observantiae
1211 2592 1365 2658 testimo·

1388 622 1492 705 (02²

160 2718 202 2781 10
225 2715 322 2780 nium
337 2714 426 2780 hanc
442 2713 484 2779 de
502 2713 700 2801 praecipuis
716 2715 850 2801 ingenii
867 2715 934 2779 mei
950 2715 1094 2781 foeturis
1110 2739 1215 2782 unam
1234 2717 1365 2784 iamdiu
1420 2740 1421 2745 ¹

222 2847 438 2927 conceptam,
458 2846 563 2925 atque
586 2846 770 2924 retentam,
797 2839 863 2905 tibi
886 2862 1053 2927 parerem,
1072 2842 1292 2928 Propositum
1312 2851 1365 2909 est

224 2966 269 3031 de
293 2965 527 3051 imaginum,
552 2964 763 3049 signorum
788 2971 827 3029 et
858 2964 1038 3031 idearum
1061 2968 1364 3055 compositione

222 3091 428 3179 principale,
464 3097 631 3177 propter
661 3089 910 3156 universalis
940 3091 1207 3178 inventionis,
1231 3094 1362 3182 dispo·

222 3215 389 3283 sitionis
418 3222 457 3280 et
493 3213 706 3279 memoriae
733 3214 867 3279 finem.
898 3215 986 3281 Heio
1015 3216 1045 3281 si
1074 3216 1166 3302 quod
1194 3241 1359 3307 propono,

156 3344 198 3408 15
220 3341 396 3430 perquiro,
422 3346 595 3406 contrecto
603 3390 609 3423 ,
633 3340 750 3406 evenit
780 3346 820 3405 ut
850 3340 955 3406 etiam
979 3341 1161 3426 adsequar,
1186 3347 1360 3431 comlpre-
1383 3349 1489 3431 (:)2v

221 3467 369 3532 hundam
388 3472 491 3550 atque
510 3472 664 3551 teneam,
684 3466 735 3530 ita
758 3472 798 3531 ut
821 3466 1000 3552 negotium
1020 3467 1065 3532 sit
1084 3467 1186 3534 facile
1206 3491 1273 3555 quo
1290 3493 1360 3537 nou

221 3591 331 3679 possit
346 3613 418 3655 esse
436 3589 587 3673 facilius,
604 3590 650 3655 sit
663 3590 768 3656 breve
785 3612 851 3676 quo
874 3613 945 3657 non
968 3598 1082 3678 potest
1107 3616 1180 3659 esse
1203 3617 1361 3683 compen-

168 3785 171 3789 ,
222 3716 363 3799 diosius,
384 3716 429 3781 sit
448 3715 619 3782 sufficiens
638 3737 705 3800 quo
727 3716 787 3781 vix
805 3716 914 3803 possit
934 3739 1006 3782 esse
1023 3717 1091 3803 (vel
1114 3719 1207 3784 credi
1225 3719 1359 3804 saltem)

220 3842 447 3908 sufficientius
470 3849 505 3907 et
531 3842 569 3906 in
596 3865 721 3927 genere
745 3844 810 3908 isto
830 3842 986 3929 dignius,
1014 3866 1087 3909 rem
1109 3867 1191 3911 sane
1218 3846 1359 3912 minime

152 3977 198 4041 20
219 3968 398 4053 vulgarem
421 3967 631 4054 adsequutus
651 3990 722 4032 esse
740 3965 892 4033 videbor.
912 3968 1005 4053 Idea,
1030 3969 1247 4056 imaginatiO,
1273 3971 1360 4037 adsi-

220 4095 377 4180 mulatio,
405 4093 646 4180 configuratio,
673 4093 880 4179 designatio,
911 4095 1044 4161 notatio
1074 4103 1126 4163 est
1158 4099 1358 4166 universum

311 4307 327 4356 2
343 4305 539 4374 HEINRICO]
549 4307 602 4356 coel
610 4305 715 4370 μήπω
723 4306 944 4358 HAINRIGVM
953 4308 997 4357 uel
998 4307 1177 4372 Jrontcspizio
1186 4324 1199 4358 e
1207 4327 1225 4357 α
1230 4327 1260 4372 p.
1271 4313 1316 4371 or,
1329 4313 1356 4365 4,

219 4387 379 4441 Similaeaa
391 4387 594 4438 EINGELLIO
609 4387 663 4452 qui,
678 4405 721 4436 ura
735 4387 1003 4440 HAINCELLIVM
1016 4388 1060 4439 uei
1075 4389 1166 4454 laophi
1179 4406 1231 4438 ora
1242 4387 1330 4449 citati,
1344 4407 1357 4439 c

217 4467 315 4521 incltrc
327 4468 426 4520 Enceli
437 4466 487 4532 pia
498 4464 545 4533 pila
559 4484 583 4517 v.
600 4469 625 4519 8.

351 4563 427 4603 fluum
441 4564 495 4612 opp.
509 4565 550 4602 lat.
562 4563 598 4612 11,
608 4564 629 4604 ³.
1170 4566 1195 4606 12
