3390 5122
763 410 903 455 Ionnaul
925 410 1026 454 BRVNI

767 816 920 883 OAPVT
954 816 1019 881 III.

691 982 767 1032 Imago
782 981 876 1021 secundi
889 980 967 1030 elgllll.
982 979 1104 1020 Vexillum.

410 1279 501 1345 Ordo
520 1278 597 1344 heio
613 1279 650 1344 in
666 1278 800 1345 duabus
819 1278 1101 1345 dimensionibus.

410 1498 540 1565 Ordine
557 1499 621 1564 sub
641 1498 788 1565 duoibue
806 1501 997 1565 numeratis
1015 1500 1097 1567 hino
1112 1501 1180 1567 tibi
1200 1509 1293 1568 eerto

276 1630 296 1693 5
320 1624 484 1691 centuria
503 1630 661 1690 ooourrat
677 1646 859 1710 rerumque
877 1624 1126 1712 hominumque
1143 1626 1270 1710 locata,

321 1751 416 1828 Quae
435 1750 501 1816 tibi
520 1755 602 1815 nota
620 1749 687 1815 siet
705 1748 787 1814 lieet
805 1748 899 1815 haud
917 1756 1099 1836 praesente
1118 1746 1239 1837 figura.

320 1876 519 1963 Agricolam
539 1875 654 1962 capito
669 1872 857 1958 Nolanum,
878 1874 1189 1963 Parthenopaeum,

320 2001 530 2080 Romanum,
549 2000 720 2090 Venatum
736 1999 833 2064 varia
852 1999 1006 2085 regione,
1027 2000 1173 2067 subinde

320 2124 506 2190 Adsooiato
526 2124 595 2189 illie
616 2123 734 2189 affines
754 2124 1027 2209 consimilesque.

256 2261 298 2324 10
320 2250 509 2336 Apponens
526 2270 777 2334 numerumque
792 2271 911 2336 parem
930 2272 1067 2317 servare
1086 2260 1271 2336 memento,

321 2375 430 2452 Quem
450 2381 648 2440 servaturus
668 2374 841 2439 eo‘nleetor
859 2374 983 2440 deinde
1002 2376 1140 2442 redibis.

321 2499 563 2585 Queisounque
582 2521 807 2585 quaeeunque
820 2500 907 2565 >lieet
931 2522 1135 2587 componere
1154 2503 1257 2569 rebus

322 2625 470 2691 Nomina
490 2646 551 2712 pro
566 2624 691 2707 offioio,
713 2624 882 2711 quidquid
900 2633 1026 2691 natura
1046 2628 1209 2712 requirat.

321 2751 373 2817 Ne
388 2749 454 2816 tibi
473 2758 652 2816 succurrat
671 2750 849 2815 revocanti
865 2750 963 2816 miles
978 2750 1135 2837 inermis,

256 2883 297 2946 15
322 2875 602 2961 Perturbansque
622 2875 707 2941 alios
726 2875 861 2940 nullum
881 2875 1052 2942 discurrat
1071 2877 1107 2943 in
1126 2900 1239 2961 usum,

321 3002 428 3067 Dives
448 3008 593 3067 naturae
612 3001 742 3087 speeies
761 3000 847 3065 mire
866 3000 1023 3085 advenit,
1040 3003 1135 3068 omni

321 3125 447 3192 Omnia
467 3125 656 3209 submittit,
676 3123 748 3208 dat,
770 3126 919 3212 complet
938 3133 972 3191 et
992 3126 1130 3193 ordinat
1145 3134 1233 3214 apte.

321 3252 379 3317 Sic
397 3250 576 3317 hominum
591 3250 705 3316 variae
724 3251 814 3316 varii
834 3251 963 3338 speeies
982 3252 1200 3317 animantum

321 3376 531 3460 Ostendunt,
553 3398 664 3442 mores
679 3383 846 3462 promunt
867 3376 1060 3443 animantia
1079 3378 1233 3465 plantae,

254 3506 298 3569 20
320 3502 515 3588 Plantaque
533 3501 602 3567 fert
620 3501 795 3589 lapidum,
812 3502 952 3567 tandem
969 3510 1064 3567 eunt
1084 3504 1216 3569 omnia
1238 3504 1279 3568 in
1299 3505 1418 3569 omni.

319 3628 455 3694 Vexilla
473 3634 513 3693 ut
531 3625 668 3693 facilem
687 3627 907 3692 innumerum
926 3634 1106 3693 numerata
1122 3635 1312 3716 reportent,

320 3753 365 3816 Et
384 3752 525 3817 millena
545 3774 649 3836 queas
668 3758 806 3817 tantum
826 3752 869 3817 ad
889 3759 1034 3817 centena
1054 3752 1193 3833 referre,

319 3878 386 3943 Tot
404 3877 544 3942 tandem
560 3877 703 3962 vigeant
721 3877 808 3942 deno
829 3877 891 3942 sub
910 3877 1067 3964 principe
1087 3878 1223 3961 classeS,

319 4003 371 4068 Ao
389 4002 573 4067 Monadem
593 4001 729 4067 demum
749 4001 925 4067 fateantur
950 4002 1264 4089 cunctiparentem:

252 4127 295 4190 ‘25
321 4127 445 4193 Omnia
465 4150 588 4214 nempe
606 4149 714 4192 unum
731 4135 812 4192 eunt
832 4150 911 4191 vere
930 4134 1033 4212 atque
1053 4128 1168 4194 omnia
1188 4129 1225 4193 in
1246 4151 1324 4194 uno.

332 4338 574 4348 ——---..-—.

410 4469 424 4517 7
442 4466 671 4531 Pertenopeeum
