3390 5122
541 433 735 479 ansiricivn
757 434 964 497 eunonium,
988 436 1008 479 1.
1283 421 1343 480 337

204 587 393 653 mendatur.
415 590 547 655 Harum
571 593 597 655 1.
617 590 699 676 quia
718 591 808 656 siout
827 613 950 678 corpus
967 592 1117 657 sanitate
1140 600 1176 656 et
1195 591 1343 676 viribus,

202 711 252 777 ita
268 712 403 778 animus
422 714 606 800 disciplina
625 722 660 780 et
678 716 871 781 eruditione
892 723 1065 798 servatur;
1082 716 1343 804 disciplinarum

201 859 282 903 vero
307 839 455 904 maxime
484 839 675 906 necessaria
702 841 786 908 haec
815 848 875 907 est.
905 843 934 908 2.
961 841 1049 921 Quia
1079 849 1218 908 tantum
1246 842 1344 908 decet

201 963 407 1051 principem,
425 986 496 1030 non
516 965 626 1032 solum
649 974 792 1032 externo
812 967 963 1055 corporis
982 966 1105 1035 habitu
1129 976 1163 1034 et
1186 968 1340 1035 vestibus

156 1087 317 1154 bomnes
345 1090 566 1175 praecellere,
593 1114 714 1157 verum
744 1113 880 1178 quoque
907 1092 1065 1174 intern03
1094 1093 1185 1160 bona
1213 1093 1343 1180 quippe

200 1213 309 1279 animi
332 1215 535 1282 constitutio
565 1216 734 1303 optimam
762 1217 915 1304 eorporis
947 1216 1211 1304 dispositionem
1239 1225 1344 1304 atque
1368 1229 1439 1292 24
1452 1229 1496 1290 F·

200 1345 329 1404 statum
352 1340 537 1406 antecellit.
562 1342 593 1406 3.
614 1340 704 1419 Quia
727 1342 912 1429 iudignum
935 1352 987 1408 est
1017 1342 1129 1426 illum,
1149 1341 1209 1427 qui
1232 1342 1271 1407 in
1293 1364 1343 1407 re·

200 1464 264 1528 bus
279 1464 387 1550 gestis
402 1472 552 1532 caeteros
568 1466 680 1534 vincit
699 1467 704 1555 Ι
725 1475 760 1533 et
778 1474 974 1554 exsuperat,
992 1466 1167 1533 interdum
1187 1488 1343 1532 sermone
1369 1478 1468 1540 124
1484 1474 1525 1540 G

199 1589 441 1656 humilioribus
460 1598 495 1656 et
514 1592 769 1678 indignioribus
793 1592 926 1674 oedere3
950 1592 1042 1678 quod
1065 1592 1192 1658 accidit
1207 1586 1343 1680 ¹priuci-

135 1724 177 1787 10
199 1714 312 1801 pibus,
339 1715 399 1800 qui
427 1739 489 1802 per
524 1738 561 1782 os
590 1718 735 1783 oratoris
763 1719 819 1783 vel
843 1717 1041 1804 philosophi
1071 1719 1126 1784 vel
1156 1718 1342 1785 sacerdotis

199 1840 356 1927 proprias
381 1863 499 1907 causas
522 1842 660 1929 populis
688 1851 723 1907 et
749 1843 957 1910 exercitibus
985 1851 1172 1930 exponunt.
1196 1844 1227 1908 4.
1252 1843 1343 1922 Quia

199 1964 484 2050 quemadmodum
510 1967 571 2051 qui
600 1975 736 2054 praeest
763 1968 807 2033 ad
835 1968 1006 2034 actionem
1035 1968 1270 2034 multitudinis
1294 1991 1342 2035 re-

198 2088 268 2154 fert
282 2091 456 2174 universa,
472 2092 523 2157 ita
542 2093 646 2157 etiam
666 2093 853 2160 multitudo
872 2116 932 2159 seu
947 2093 1111 2180 populus,
1127 2094 1188 2179 qui
1211 2094 1340 2177 subest,

198 2214 398 2281 universum
412 2239 493 2282 suae
509 2217 655 2283 actionis
674 2219 854 2305 negotium
870 2218 913 2284 ad
931 2218 1035 2285 unius
1048 2218 1277 2305 praesidentis
1291 2242 1341 2285 re·

134 2346 174 2408 15
198 2341 267 2406 fert
290 2341 499 2423 orationem;
524 2342 688 2428 indignus
711 2352 827 2409 autem
850 2350 902 2409 est
920 2345 1042 2431 populi
1060 2344 1225 2430 obsequio
1247 2344 1342 2431 prin·

199 2491 290 2554 ceps,
310 2468 371 2553 qui
390 2468 545 2535 oratione
564 2468 712 2535 disertus
732 2492 803 2536 non
822 2478 883 2536 est.
908 2472 938 2535 b.
961 2469 1049 2549 Quia
1068 2471 1124 2536 lex
1139 2469 1228 2535 nihil
1247 2470 1341 2536 aliud

198 2619 270 2661 esse
298 2593 448 2676 videtur,
478 2603 722 2682 praeterquam
750 2597 861 2664 oratio
889 2598 1078 2663 multorum
1106 2596 1341 2663 consultorum

197 2722 384 2788 autoritate
402 2721 544 2787 sancita.
565 2721 646 2787 Ideo
659 2722 720 2809 qui
734 2722 788 2788 ius
800 2722 964 2789 dicendae
983 2723 1069 2809 legis
1088 2722 1156 2788 sibi
1176 2721 1339 2805 vindicat,

197 2845 307 2932 legem
330 2867 521 2934 proponere
549 2846 636 2914 sciat
664 2853 808 2935 oportet.
830 2849 860 2938 6,
884 2845 973 2924 Quia
1002 2846 1129 2913 fortem
1148 2847 1339 2934 principem

131 2976 175 3038 20
197 2995 257 3038 seu
277 2972 282 3062 l
303 2971 423 3038 ducem
442 2973 622 3038 honestum
645 2973 908 3059 magnanimum
924 2970 1086 3057 dicimus,
1108 2972 1169 3058 qui
1185 2970 1341 3037 difficilia
1365 2979 1435 3044 25
1450 2980 1495 3042 F

197 3105 349 3185 superat,
366 3097 562 3164 robustiora
579 3097 701 3182 vincit,
717 3104 751 3163 et
764 3097 1027 3164 difficultatibus
1039 3118 1108 3163 non
1126 3095 1228 3162 cedit.
1242 3094 1341 3173 Quod

196 3225 225 3288 si
248 3225 320 3290 sola
337 3222 488 3310 corporis
506 3223 561 3288 vel
579 3221 741 3288 fortunae
763 3223 800 3289 vi
818 3222 1038 3307 efficaciaque
1060 3227 1266 3308 praestetur,
1294 3219 1342 3286 fe-

195 3349 335 3414 ritatem
357 3349 486 3435 potius,
511 3348 766 3415 immanitatem
789 3348 1092 3434 atrocitatemque,
1113 3348 1188 3413 sine
1211 3345 1340 3413 rationi

197 3473 380 3541 coniuncta
404 3473 572 3557 oratione,
593 3473 741 3560 quilibet
759 3474 1059 3562 interpretabitur.
1080 3475 1110 3538 7.
1131 3475 1209 3538 Non
1228 3472 1339 3538 solum

131 3607 173 3670 25
197 3598 362 3686 exemplis
385 3605 489 3684 atque
508 3599 615 3685 gestis
638 3599 690 3664 illi
714 3599 775 3684 qui
800 3600 947 3687 imperio
972 3600 1132 3683 subsunt,
1153 3597 1212 3664 sed
1235 3596 1339 3662 etiam

195 3723 359 3790 facundia
373 3731 478 3808 atque
502 3745 657 3789 sermone
671 3730 855 3790 moventur
877 3724 1032 3812 plurimi;
1049 3746 1131 3790 nam
1150 3730 1224 3789 tum
1243 3744 1340 3810 prae·

197 3849 326 3936 cepti0,
347 3855 420 3913 tum
445 3849 639 3936 exemplum
664 3849 821 3936 apprime
839 3849 1030 3915 necessaria
1053 3871 1125 3914 esse
1145 3854 1340 3928 censentur,

197 3975 450 4041 numeratione
473 3974 667 4040 coniuncta.
685 3975 715 4038 8.
739 3974 826 4052 Quia
850 3997 929 4040 vere
945 3974 1107 4062 princeps
1127 3973 1342 4057 eaeterisque

198 4101 321 4165 merito
353 4099 521 4165 illustrior
545 4099 651 4164 talem
675 4122 710 4164 se
738 4101 901 4186 praebeat
930 4107 1080 4187 oportet,
1105 4107 1145 4165 ut
1168 4098 1241 4164 eius
1266 4104 1341 4162 tum

132 4227 176 4292 30
198 4232 309 4311 gesta,
333 4231 408 4290 tum
438 4224 546 4290 verba
573 4231 678 4311 atque
706 4248 841 4309 sensus,
864 4226 989 4291 caeteri
1024 4225 1167 4312 cupiant
1194 4222 1340 4307 imitari,

291 4473 320 4523 18
337 4472 496 4523 autoritate
512 4472 558 4537 qui
572 4472 656 4524 anche
674 4471 712 4533 G,
731 4490 744 4524 e
760 4472 894 4526 vendicat
910 4475 939 4525 F

330 4585 408 4625 Buusr
424 4586 478 4634 opp.
493 4587 535 4624 lat.
550 4585 583 4634 11,
602 4585 623 4625 8.
