3390 5122
763 415 903 461 Ionum
924 415 1024 461 BRl'Nl

754 877 906 945 OAPV'P
940 877 1037 944 VIII.

712 1083 837 1135 Septimum
853 1083 960 1133 tigillum.
975 1082 1079 1123 ludatur.

412 1404 514 1472 Atria
533 1403 724 1470 denudabo
742 1402 849 1468 variis
864 1402 1030 1469 distincta
1047 1403 1202 1468 locorum

324 1527 530 1615 Ordinibus,
545 1551 607 1595 nec
625 1552 696 1594 non
715 1528 822 1595 variis
840 1535 964 1594 ornata
982 1527 1113 1615 figuris.

279 1659 300 1722 ὅ
323 1656 411 1720 Heio
426 1654 594 1736 homines,
615 1653 688 1718 illic
703 1654 884 1719 hominum
903 1652 1030 1719 vexilla
1045 1675 1231 1740 reponam,

324 1780 464 1867 Organa
483 1785 564 1845 sunt
583 1777 668 1843 alibi
687 1777 846 1843 manibus
865 1778 1033 1844 nectenda
1058 1777 1225 1859 sinistris,

324 1906 433 1986 Collo,
454 1903 665 1992 pectoribuS,
686 1909 798 1990 tergo,
820 1904 1069 1991 attingendave
1088 1903 1224 1987 forsan,

324 2029 470 2096 Sedibus
490 2030 595 2116 inque
614 2029 692 2095 aliis
712 2051 854 2116 operum
873 2051 953 2095 mox
969 2028 1069 2115 signa
1088 2028 1218 2095 locabo,

325 2154 383 2220 Sic
399 2155 554 2237 adstans,
574 2155 662 2221 situs
681 2176 720 2220 ac
736 2154 833 2221 locus
851 2162 886 2220 et
904 2177 1092 2242 possessor,
1109 2154 1235 2221 eteius

259 2281 302 2344 10
325 2279 433 2345 Casus
453 2285 542 2345 sorte
561 2279 651 2346 dabo
666 2287 864 2346 numeratos
884 2279 1123 2346 commodiore.

324 2404 416 2469 Hinc
435 2404 604 2470 elementa
623 2405 735 2492 capis,
756 2405 883 2489 quibus
902 2405 1018 2471 omnia
1038 2405 1299 2470 constituuntur

324 2531 369 2595 Et
387 2529 539 2596 numeris
559 2529 708 2596 conflata
727 2530 798 2596 suis
817 2529 1013 2617 praesentia
1032 2529 1132 2595 fiunt.

324 2654 459 2719 Sufficit
478 2661 518 2720 ut
536 2653 590 2720 bis
610 2655 697 2719 dena
717 2655 807 2720 sient
823 2655 903 2720 data
923 2655 1060 2742 singula
1080 2676 1212 2739 eorum,

323 2781 373 2848 Ut
392 2779 433 2844 de
452 2778 668 2867 simplicibus
688 2779 855 2846 formetur
871 2780 1031 2867 partibus
1047 2803 1158 2846 omne.

259 3111 300 3172 15
414 3119 430 3165 r
457 3106 635 3172 Formatio
652 3130 711 3173 seu
730 3106 902 3193 figuratim
916 3108 946 3173 si
964 3108 1026 3173 fiat
1045 3108 1222 3203 exprimis
1239 3106 1467 3173 combinatio-

323 3232 425 3298 nibus
449 3233 708 3317 elementorum,
733 3234 866 3300 minore
884 3234 944 3299 fiet
962 3233 1200 3317 distractione,
1221 3234 1280 3300 sed
1303 3235 1468 3300 maiorem

323 3357 469 3444 requirit
493 3357 685 3445 imaginum
716 3358 997 3443 (numerosiorem
1028 3365 1162 3446 nempe)
1187 3368 1409 3445 apparatum3
1434 3361 1464 3424 si

323 3504 404 3548 vero
435 3488 487 3567 (ut
516 3483 593 3549 heic
616 3484 789 3565 docemus)
818 3507 859 3548 ex
883 3485 1005 3571 primis
1024 3484 1147 3550 debeat
1166 3485 1240 3549 fieri
1264 3484 1464 3570 elementia,

324 3609 434 3673 maior
457 3615 509 3675 est
524 3609 703 3695 aliquanto
723 3610 916 3693 distractio,
938 3609 996 3676 sed
1016 3610 1147 3676 minore
1163 3610 1341 3697 perficitur
1359 3633 1466 3698 appa·

257 3731 301 3794 20
323 3738 412 3799 ratu.
441 3734 621 3799 'Perminos
648 3757 689 3799 ex
721 3734 818 3800 atriis
838 3734 904 3800 tibi
924 3733 1026 3800 facile
1051 3737 1213 3822 colligere
1243 3736 1388 3824 poteris,
1417 3736 1469 3802 sio

323 3866 440 3923 tamen
459 3865 500 3925 ut
517 3882 581 3946 pro
599 3859 801 3943 Calchante,
823 3860 971 3947 Oedipo,
992 3861 1126 3928 Tiresia
1143 3868 1177 3927 et
1202 3862 1293 3946 aliis,
1314 3885 1356 3927 ex
1375 3861 1465 3927 facie

324 3983 392 4049 tibi
410 3990 510 4051 notos
534 3995 568 4051 et
589 3986 652 4050 sub
672 3985 801 4052 talibus
820 3985 1020 4052 nominibus
1040 3994 1075 4051 et
1096 3986 1216 4053 officiis
1236 3987 1397 4053 definitos
1416 4008 1470 4051 ae

326 4108 442 4196 cipias

418 4471 448 4517 21
467 4467 589 4530 Culcita,
609 4468 736 4533 Oedypo,
754 4469 875 4532 'Pyrosia
