3390 5122
535 429 578 471 os
599 427 841 472 coucosrrioun
862 428 1043 488 111111111111,
1067 429 1087 472 1.
1329 416 1384 472 1‘21

242 582 539 648 circumferentiae
563 583 762 649 innumeras
786 606 854 649 uuo
878 585 1053 649 eiaculans
1076 584 1185 649 lineas
1209 584 1290 650 inde
1313 592 1389 650 tan-

242 731 346 795 quam
370 732 412 773 ex
436 708 610 774 communi
634 709 748 774 radice
772 717 950 793 exeuntes,
975 716 1009 773 et
1038 710 1073 773 in
1105 708 1195 794 qnod
1220 716 1387 796 tanquam

242 835 392 900 radicem
421 835 641 900 reducuntur.
665 835 742 900 Hoc
769 834 922 921 appellat
949 833 1103 921 primum
1132 835 1267 900 animae
1295 836 1389 901 vehi·

242 962 371 1041 culum,
392 959 542 1025 medium
561 960 653 1024 inter
671 959 874 1046 temporalia
888 967 922 1025 ct
939 965 1092 1040 aeterna,
1114 982 1180 1045 quo
1199 961 1387 1046 plurimum

199 1083 220 1146 5
241 1084 405 1167 vivimus,
431 1085 574 1171 spiritus
597 1085 729 1150 scilicet
752 1084 1007 1171 phantasticus3
1033 1107 1141 1150 unum
1165 1085 1387 1152 individuum

243 1210 358 1275 omnia
382 1233 469 1296 quae
492 1233 611 1276 sensus
635 1216 716 1276 sunt
738 1209 825 1276 facit
848 1216 883 1276 et
906 1211 1039 1297 recipit.

688 1536 841 1600 CAPVT
875 1535 953 1599 XV.

574 1686 608 1725 Dc
619 1685 701 1725 horreo
715 1683 843 1734 specierum
858 1685 882 1722 ct
896 1683 970 1722 lanula
985 1683 1054 1722 illius.

332 1901 400 1965 Eas
424 1900 489 1965 iste
514 1921 598 1983 quas
626 1897 774 1983 colligit,
806 1897 1026 1985 amplectitur
1054 1905 1088 1963 et
1118 1898 1294 1984 componit
1317 1922 1387 1985 spe·

179 2025 221 2088 10
245 2026 312 2091 cies
335 2026 384 2091 ita
403 2025 544 2110 digerit,
564 2031 604 2090 ut
628 2023 727 2109 quasi
747 2047 789 2089 ex
807 2023 935 2089 eisdem
951 2023 1198 2110 excogitabilia
1218 2025 1387 2109 quaedam

243 2151 365 2215 educat
393 2151 449 2215 vel
472 2149 663 2231 abstrahat,
689 2156 724 2214 et
751 2148 789 2213 in
808 2148 968 2214 horreum
991 2148 1184 2214 retentivee
1208 2148 1386 2215 facultatis

244 2275 324 2358 (nisi
348 2282 383 2340 et
401 2274 475 2363 ipse
490 2274 663 2339 retentiva
683 2274 729 2340 sit
752 2274 912 2357 facultas)
931 2273 1142 2357 introducat,
1164 2275 1334 2339 immittat
1352 2281 1386 2340 et

244 2400 374 2464 inserat
393 2407 427 2464 et
451 2399 639 2465 confirmet.
661 2399 768 2464 Cuius
796 2399 910 2464 horrei
927 2398 1052 2482 claves,
1073 2398 1238 2465 ianitores
1258 2422 1318 2464 seu
1341 2399 1387 2464 ia

243 2549 332 2621 uuae
351 2533 432 2591 sunt
451 2525 637 2591 affectuum
655 2547 791 2610 genera,
813 2547 900 2610 quae
925 2524 968 2589 ab
987 2524 1154 2589 irascibili
1174 2531 1209 2588 et
1228 2524 1389 2610 concupi·

179 2657 220 2720 15
244 2651 441 2739 scentibili„
461 2673 576 2716 amore
600 2656 635 2715 et
659 2649 749 2735 odic,
772 2651 775 2736 l
797 2650 920 2715 timore
948 2657 982 2714 et
1010 2673 1082 2736 spe,
1106 2649 1241 2715 laetitia
1264 2657 1299 2714 et
1323 2649 1384 2714 tri·
1409 2659 1480 2723 27

243 2778 339 2842 stitia
376 2782 411 2842 ct
442 2776 681 2842 admirationis
712 2775 890 2862 speciebus
928 2774 1155 2854 definiuntur,
1187 2774 1229 2839 de
1261 2775 1387 2860 quibus

243 2903 347 2968 latius
370 2903 408 2968 in
432 2903 521 2967 libro
544 2903 601 2967 De
625 2900 778 2967 umbris
805 2901 990 2966 idearum
1009 2901 1268 2988 explicavimus.
1286 2900 1387 2967 Unde

243 3037 339 3116 patet
359 3029 447 3094 ratio
467 3051 534 3114 qua
554 3027 722 3113 quaedam
741 3028 793 3093 vel
814 3026 944 3115 pluries
964 3027 1130 3092 meditata
1143 3027 1199 3093 vel
1214 3034 1296 3092 ante
1312 3048 1388 3092 ocu·

243 3156 294 3220 los
312 3154 520 3240 cognitionis
540 3154 675 3219 obiecta
694 3154 737 3219 ab
757 3153 954 3247 huiusmodi
972 3152 1086 3218 horrei
1110 3176 1170 3218 seu
1193 3153 1388 3239 Mnemosy-

176 3281 220 3344 ‘20
243 3303 303 3344 nes
327 3287 479 3344 sacratae
508 3279 654 3344 triclinii
683 3279 835 3344 incolatu
863 3277 983 3365 procul
1012 3283 1186 3360 arcentur,
1216 3277 1386 3362 quaedam

242 3427 323 3469 vcro
351 3411 470 3491 aperta
499 3403 596 3488 quasi
624 3403 728 3469 ianua
756 3403 880 3469 declivi
908 3411 1013 3488 atque
1042 3425 1153 3489 prono
1182 3401 1307 3467 itinere
1329 3403 1385 3467 vel

243 3531 397 3598 nolentia
420 3530 623 3595 dilabuntur
646 3539 680 3593 et
704 3529 933 3615 excipiuntur.

676 3833 826 3898 OAPVT
862 3833 958 3899 XVI.

649 3980 682 4018 De
693 3978 846 4019 firmator-ibus
857 3979 989 4030 imaginum.

175 4201 218 4264 ‘25
332 4188 626 4267 Quemadmodum
636 4187 766 4253 formae
782 4188 957 4253 naturales
973 4210 1043 4252 non
1056 4187 1129 4252 sine
1146 4189 1291 4252 materia
1307 4209 1385 4252 con·

242 4317 371 4383 sistunt
400 4337 511 4399 noque
539 4312 613 4378 sine
650 4311 767 4397 aliquo
800 4312 954 4377 subiecto
983 4311 1226 4377 describuntur
1260 4312 1383 4395 (omnis

252 4444 471 4453 ——..-.——-..

335 4497 365 4547 lc
380 4493 496 4545 laeticia
559 4493 674 4541 1861116
736 4491 768 4540 26
784 4491 1004 4541 describuntur:
1023 4489 1123 4542 Omnis

375 4591 451 4630 Bauer
466 4591 520 4638 Opp.
534 4589 575 4627 lor.
589 4587 624 4637 11,
635 4588 656 4626 8.
1198 4586 1223 4626 16
