3390 5122
563 434 757 478 1111111111
778 434 983 495 raucarum,
1008 435 1026 477 1.
1307 418 1366 475 319

222 589 454 676 comparative
478 596 513 654 et
528 588 740 676 superlative
759 589 958 676 assumptis,
975 595 1050 655 tum
1074 588 1214 655 tandem
1238 610 1367 655 accom-

222 714 370 780 modatis
397 713 699 797 similitudinibus,
720 721 777 781 ut:
796 714 978 799 ‘garrulus
1005 714 1071 781 iste
1098 738 1176 781 oum
1204 714 1271 780 isto
1302 715 1368 780 elo-

223 846 362 926 quente,
387 839 510 906 rabula
534 862 612 905 cum
639 839 704 906 hoc
727 839 971 925 Demosthene,
998 838 1119 906 simius
1153 862 1231 906 cum
1260 840 1367 905 homi-

222 989 266 1032 ne
278 968 295 1049 ',
315 966 370 1033 vel
393 966 424 1032 si
447 966 548 1032 ambo
567 964 699 1032 fuerint
717 966 867 1054 probata
886 966 990 1033 etiam
1009 964 1103 1053 apud
1121 971 1290 1049 actorem,
1307 966 1368 1052 qui

178 1097 199 1160 b
222 1114 293 1158 non
312 1091 459 1158 alterum
475 1091 675 1179 deprimere,
689 1091 748 1158 sed
760 1092 872 1178 magis
892 1091 1039 1158 alterum
1059 1091 1213 1159 exaltare
1229 1098 1368 1158 conten·
1397 1106 1405 1121 ⁴

223 1216 295 1302 dat,
315 1225 372 1282 ut:
389 1216 496 1302 ‘quid
515 1217 657 1302 inquis?
675 1216 840 1303 Aquilam
857 1217 968 1283 cernis
988 1240 1066 1282 cum
1082 1216 1291 1303 falconibus,
1312 1217 1367 1283 vel

221 1340 444 1407 hirundinem
468 1364 546 1407 cum
565 1342 688 1430 cygnis
707 1341 973 1409 contendentem
991 1342 1163 1430 patiaris?
1179 1343 1187 1367 ³

334 1468 385 1532 16.
409 1468 441 1532 Α
471 1467 712 1535 consecutione
736 1467 884 1555 quadam
909 1475 944 1534 et
967 1468 1216 1556 implicatione,
1244 1475 1364 1556 utpote

220 1593 282 1657 ubi
305 1615 411 1658 unam
431 1596 435 1679 Ι
456 1593 643 1660 dictionem
659 1617 718 1660 sen
742 1617 868 1661 nomen
891 1593 1138 1681 intelliguntur
1160 1595 1276 1682 plures
1295 1616 1364 1676 res,
1391 1592 1460 1656 67
1473 1591 1518 1653 F

159 1720 200 1783 10
223 1717 450 1802 conditiones,
487 1719 767 1786 circumstantiae
800 1727 835 1785 et
868 1720 1099 1808 proprietates
1127 1718 1364 1802 concomitari,

221 1850 278 1908 ut:
299 1842 476 1927 ‘tandem,
501 1844 585 1931 quid
608 1852 661 1911 est
684 1844 884 1931 religiosum
909 1846 1006 1911 esse?
1032 1844 1123 1923 Quid
1149 1851 1200 1910 est
1227 1844 1365 1929 religio-

221 1991 296 2033 sum
316 1968 518 2055 significari,
535 1971 604 2036 nisi
619 1971 793 2036 hominem
811 1971 942 2058 pietate
961 1994 1042 2057 erga
1061 1972 1174 2036 Deum
1193 1969 1364 2054 affectum,

221 2093 356 2159 iustitia
372 2117 454 2180 erga
468 2095 681 2183 proximum,
698 2095 758 2181 qui
773 2095 885 2181 legem
899 2096 965 2161 Dei
979 2095 1233 2183 contemplatur
1252 2094 1307 2160 die
1326 2117 1366 2160 ac

221 2229 337 2306 nocte,
354 2223 414 2308 qui
434 2246 511 2288 aum
529 2222 866 2311 praevaricatoribus
884 2245 955 2289 nou
973 2222 1145 2309 graditur,
1167 2221 1227 2308 qui
1247 2222 1284 2288 in
1302 2221 1367 2287 ini-

157 2351 198 2414 15
222 2345 414 2432 quitatibus
432 2346 553 2434 pedem
577 2370 648 2414 non
676 2348 797 2435 figitr’
822 2355 885 2414 eto.
907 2349 1014 2413 Item:
1037 2349 1120 2433 ‘qui
1142 2346 1228 2413 dicit
1251 2370 1368 2414 mona·

222 2470 338 2556 chum,
365 2472 540 2559 significat
565 2473 675 2561 ipsam
702 2457 999 2561 superstitionem,
1025 2473 1137 2560 ipsam
1167 2472 1364 2556 avaritiam,

220 2597 422 2685 hypocrisin
439 2599 564 2686 ipsam,
585 2607 619 2665 et
635 2599 775 2665 tandem
791 2599 945 2667 omnium
964 2598 1129 2666 vitiorum
1151 2598 1368 2687 apothecam·

222 2723 300 2790 Uno
321 2746 401 2810 ergo
421 2723 477 2790 dic
494 2725 614 2791 verbo:
631 2724 820 2793 monachus
837 2724 909 2792 est?

653 3060 753 3127 OAP.
789 3063 922 3129 XVIII.

437 3208 539 3248 Tartlum
553 3211 621 3258 caput
634 3209 662 3247 de
677 3207 712 3246 1111
727 3217 785 3257 quac
801 3208 886 3248 faciunt
900 3210 929 3249 111
944 3220 1014 3259 ganas
1029 3211 1142 3250 iudiciale.

307 3464 407 3529 Circa
424 3486 534 3550 genus
553 3463 728 3550 iudiciale,
750 3465 841 3552 quod
861 3469 866 3554 1
887 3474 1043 3533 versatur
1062 3467 1100 3533 in
1118 3466 1172 3534 his
1196 3491 1284 3554 quae
1307 3469 1363 3534 vel
1389 3473 1460 3538 68
1472 3473 1518 3535 F

218 3588 262 3654 ad
285 3611 381 3654 reum
405 3591 460 3655 vel
484 3589 527 3656 ad
551 3596 702 3656 actorem
724 3592 779 3657 vel
804 3591 848 3658 ad
871 3592 1020 3659 iudicem
1038 3594 1230 3680 pertinent,
1254 3595 1363 3661 cousi·

219 3713 409 3780 derandum
434 3721 499 3800 cst,
532 3716 561 3779 1.
591 3714 682 3800 quod
711 3716 795 3783 facit
821 3717 865 3784 ad
895 3719 968 3785 eius
999 3719 1135 3805 generis
1166 3721 1359 3806 materiam,

218 3843 248 3905 2.
267 3840 359 3927 quod
376 3840 420 3906 ad
439 3840 601 3924 formam,
623 3845 653 3908 3.
671 3844 762 3929 quod
793 3844 837 3910 ad
866 3844 1138 3930 exornationem,
1158 3847 1362 3934 aquosae

152 3980 196 4045 25
220 3968 333 4034 finem.
352 3968 405 4034 De
423 3970 450 4034 I.
467 3971 616 4036 materia
630 3993 689 4037 seu
703 3971 895 4039 subiectum
907 3973 1193 4042 considerationis
1207 4000 1249 4043 ex
1264 3985 1363 4064 parte

219 4095 343 4161 iudicis
362 4102 414 4161 est
433 4096 674 4185 interrogatio,
695 4101 918 4186 examinatio,
938 4103 1121 4190 discussio,
1140 4107 1360 4194 consultati0,

219 4221 411 4288 sententiae
446 4221 645 4289 definitivae
683 4225 843 4312 prolatio.
874 4228 927 4292 Ex
959 4235 1059 4316 parte
1092 4253 1173 4298 vero
1208 4239 1362 4300 actorum

313 4496 345 4544 25
363 4495 404 4546 Dc
418 4496 579 4548 1111111111
593 4511 644 4548 seu
659 4497 793 4550 subiecta
807 4500 847 4551 F:
862 4500 904 4550 De
917 4501 1037 4552 materia
1050 4517 1103 4554 seu
1114 4503 1245 4573 subjecto
1261 4504 1286 4556 G
