3390 5122
549 415 745 461 sarirrowir
768 415 972 477 rasennam,
994 418 1029 461 ιι.
1299 402 1357 461 401

215 573 354 661 aspicit,
385 573 542 661 inspicit,
560 573 599 641 in
618 574 779 641 omuibus
800 573 886 640 locis
908 596 979 641 non
1002 574 1170 660 inclusus,
1187 596 1360 660 nusquam

215 721 287 765 non
304 699 472 766 exclusus.

304 823 406 900 Quod
424 823 468 890 ad
482 822 630 910 gloriam
648 815 685 890 et
706 823 915 910 dignitatem
938 822 1079 907 attinet,
1104 824 1360 911 respiciendum

216 956 269 1016 est
283 948 328 1014 ad
346 956 450 1036 typos
467 957 573 1035 atque
588 949 702 1036 signa,
715 948 906 1016 cuiusmodi
919 958 1000 1015 sunt
1015 971 1156 1034 corona,
1170 959 1362 1037 sceptrum,

172 1084 194 1147 5
216 1074 326 1157 aedes,
351 1074 491 1156 solium,
507 1074 666 1157 thronus,
683 1074 805 1156 altare,
828 1075 1049 1156 sacrificium,
1069 1074 1216 1159 oblatio,
1239 1075 1361 1141 adora·

217 1199 281 1281 tio,
300 1199 518 1288 imprecatio,
538 1198 692 1281 frondes,
711 1199 877 1283 decimae,
893 1200 1080 1287 primitiae.

305 1323 407 1400 Quod
421 1322 465 1389 ad
479 1323 619 1391 titulos:
630 1324 815 1410 augustiss.
826 1324 1002 1412 princeps,
1015 1324 1200 1411 illustriss,
1210 1324 1361 1391 celeber·

217 1449 356 1531 rimum,
367 1449 560 1536 egregium,
571 1449 836 1536 amplissimum,
848 1448 1036 1536 fulgidum,
1051 1449 1360 1536 superhumauum,

217 1573 377 1641 divinum
399 1579 434 1639 et
455 1573 597 1657 similia,
621 1574 826 1658 exaltatum,
845 1574 1154 1661 superexaltatum,
1171 1574 1360 1657 sidereum,

152 1706 196 1771 10
218 1698 364 1767 coeleste
381 1706 417 1765 et
435 1706 580 1766 caetera.

307 1823 407 1902 Quod
423 1823 467 1890 ad
486 1823 701 1890 testimonia:
723 1824 946 1890 decantatum
968 1823 1123 1911 hymnis,
1147 1825 1361 1892 concelebra·

219 1958 294 2015 tum
321 1949 480 2032 canticis,
504 1949 610 2031 tubis,
635 1949 790 2036 organis,
815 1949 956 2016 citharis
980 1956 1015 2015 et
1038 1949 1225 2033 similibuS,
1248 1949 1360 2037 poesi,

218 2074 365 2143 heroicis
390 2074 615 2161 carminibus,
638 2074 1009 2157 concelebrationibus,
1032 2075 1194 2162 picturis,
1219 2073 1360 2158 statuis,

219 2200 408 2287 trophaeis,
427 2200 672 2267 monumentis

155 2329 197 2393 lo
309 2325 409 2403 Quod
424 2325 469 2391 ad
486 2324 560 2391 vim
579 2348 639 2392 seu
657 2325 838 2390 virtutem:
861 2324 1037 2407 cornibus,
1061 2323 1225 2409 brachiis,
1249 2324 1361 2390 denti·

220 2450 299 2532 bus,
323 2471 436 2532 mure,
457 2456 616 2537 porrecto
642 2455 754 2533 scuto,
780 2458 906 2534 caetro,
932 2449 1137 2533 munimine,
1164 2471 1256 2534 arce,
1283 2448 1363 2533 alis,

221 2576 315 2661 igne,
332 2574 438 2656 ferro,
457 2573 615 2655 flumine,
634 2581 740 2641 vento
758 2581 823 2641 etc.

310 2700 364 2766 Ex
386 2700 429 2765 iis
452 2721 540 2788 quae
559 2699 603 2764 ad
620 2698 812 2766 honestatis
830 2698 974 2766 titulum
997 2697 1223 2781 reducuntur,
1247 2705 1288 2764 ut
1318 2697 1364 2765 ci·

221 2825 304 2909 vile,
329 2826 514 2908 urbanum,
538 2824 724 2910 sincerum,
747 2825 1007 2906 intemeratum,
1031 2823 1362 2906 incontaminatum,

155 2950 200 3014 ‘20
222 2950 439 3038 eanrlildum,
462 2971 602 3036 purum,
624 2949 820 3036 pulchrum,
845 2956 1022 3031 ornatum,
1042 2947 1243 3035 spectabile,
1264 2947 1364 3015 deco·
1389 2950 1545 3018 1405*

221 3099 312 3159 rum,
329 3075 481 3160 insigne,
497 3096 560 3162 pro
576 3096 645 3160 quo
663 3074 786 3141 habitu
804 3074 1007 3161 gloriamm,
1026 3094 1095 3160 qno
1110 3095 1226 3139 carere
1241 3072 1363 3159 pudet,

221 3223 289 3288 quo
306 3200 456 3290 praediti
474 3221 594 3267 omnes
611 3199 722 3267 videri
740 3200 911 3288 cupimus,
931 3199 1029 3266 euius
1053 3197 1243 3267 carentiam
1267 3197 1364 3264 dissi·

221 3327 406 3409 mulamus,
426 3333 461 3393 et
479 3348 561 3414 opes
576 3325 755 3412 fingimus,
775 3332 811 3392 et
830 3328 836 3412 Ι
856 3324 996 3392 similia.
1392 3328 1546 3397 1⁹26&

310 3453 407 3532 Quae
426 3453 470 3520 ad
490 3453 680 3521 iucundum
693 3453 918 3521 reducuntur:
935 3453 1027 3537 visu,
1048 3451 1187 3535 auditu,
1204 3459 1363 3538 gustatu,

155 3583 198 3649 25
220 3584 317 3646 tactu
339 3588 375 3647 et
403 3578 587 3666 optabilia,
607 3601 723 3661 aurea,
748 3584 924 3663 argentea,
954 3600 1043 3663 quae
1065 3576 1237 3643 laetitiam
1260 3576 1365 3642 iudu-

222 3712 319 3788 cunt,
342 3703 524 3770 tristitiam
545 3702 709 3790 abigunt,
727 3701 863 3769 fructus
880 3703 1053 3788 laborum,
1073 3702 1264 3769 mercedem
1288 3714 1363 3769 stu·

316 3907 554 3973 llocis,nouF0
616 3907 801 3957 anonam
863 3905 1066 3959 SetGmstF
1127 3906 1368 3970 indignitateml'

221 3989 336 4054 ltypis
355 3989 384 4039 Ι17
441 3988 664 4054 Gimprascutio
689 3987 716 4037 F
785 3986 1047 4052 'languetissimus
1068 4005 1082 4038 s
1100 3986 1317 4040 illustrissimus
1340 3989 1364 4038 G

220 4072 295 4134 forse
315 4069 473 4136 principem
546 4068 738 4120 oexaltatum
763 4082 850 4134 super
872 4067 1031 4120 exaltatum
1054 4068 1105 4121 ΡΘ
1180 4068 1319 4120 siderium
1340 4069 1368 4119 1³

222 4152 303 4201 11.12
317 4148 434 4214 hymnis
446 4150 693 4211 concelebratum,
707 4147 828 4199 canticis
843 4149 924 4200 tubis
939 4149 1056 4213 organis
1074 4147 1204 4212 cytharis
1223 4149 1363 4213 (cytharis

222 4231 307 4281 sarisa
328 4231 363 4297 G)
380 4230 408 4280 F
476 4230 518 4282 13.
527 4233 556 4279 14
577 4230 697 4280 statutis
721 4229 869 4294 torphaeis
889 4229 918 4279 F
988 4231 1306 4296 lopormet01poriese
1324 4231 1363 4281 1³:

223 4329 271 4362 em.
295 4311 320 4362 G
396 4311 426 4361 ai
443 4327 494 4378 pro
519 4326 577 4376 quo
602 4311 704 4362 habitu
726 4309 766 4360 F:
785 4324 843 4377 quo
868 4323 1001 4375 possesso
1021 4308 1047 4359 G
1116 4311 1150 4360 22
1175 4310 1317 4376 praedicti
1339 4312 1368 4362 F

221 4391 254 4443 28
277 4399 308 4443 st
325 4407 394 4457 opes
417 4392 460 4442 F:
486 4389 700 4458 possessiouem
726 4389 752 4441 G
828 4389 860 4440 25
884 4394 914 4438 st
935 4406 985 4441 eru.
1007 4390 1044 4442 G:
1064 4391 1144 4455 sorae
1164 4398 1194 4442 et
1213 4392 1363 4450 (odoratu)

221 4474 253 4524 26
268 4472 396 4524 fructum
413 4471 438 4523 G
500 4472 626 4522 laborem
640 4472 669 4522 F
729 4484 839 4522 marces
853 4471 880 4521 F

358 4567 430 4607 llirusi
445 4568 500 4615 Opp.
513 4569 553 4604 lat.
566 4565 633 4614 11,a.
1178 4562 1204 4603 51
