3390 5122
292 384 351 449 212
732 404 869 449 mansur
893 402 993 448 earm

293 563 445 646 Robora,
465 563 524 629 sed
543 563 636 628 facili
657 570 839 648 quassatur
857 563 994 648 virgula
1013 561 1114 642 flatu3

292 689 410 754 Iudice
428 711 551 776 nempe
570 689 642 753 Deo
662 697 744 754 sunt
763 687 868 753 fortia
892 687 1030 753 fortiter
1048 695 1139 766 acta,

292 814 562 899 Subiectumque
579 822 701 902 potens
720 815 822 902 pulsu
841 814 1079 902 premiturque
1098 821 1249 901 potente.

779 1070 848 1110 Dubll
863 1071 946 1119 imago.

247 1278 268 1340 5
380 1289 397 1337 ‘l
424 1277 467 1342 In
489 1276 607 1342 eodem
626 1278 745 1343 ordine
767 1279 882 1365 imago
902 1279 971 1344 viri
993 1279 1135 1343 dextero
1160 1278 1302 1344 brachio
1330 1286 1434 1364 atque

292 1424 388 1468 crure
407 1403 452 1468 ad
471 1425 587 1486 uuam,
608 1404 748 1470 sinistro
767 1411 883 1470 autem
902 1427 999 1469 crure
1018 1411 1122 1489 atque
1147 1405 1288 1469 brachio
1316 1403 1360 1470 ad
1384 1404 1432 1468 al·
1459 1407 1549 1467 115

291 1535 401 1595 teram
432 1529 595 1616 alligatus
623 1537 748 1613 rotam,
769 1531 806 1596 in
830 1539 907 1596 aere
933 1553 1119 1617 suspensus
1149 1554 1241 1595 nunc
1271 1531 1310 1595 in
1329 1553 1433 1596 unam

290 1654 439 1720 nuncin
460 1655 603 1721 alteram
628 1656 739 1742 magis
757 1657 985 1742 procumbens
1004 1664 1139 1743 partem
1161 1656 1432 1721 excruciabatur.

291 1792 308 1840 ‘l
333 1779 389 1845 Ad
407 1780 563 1866 geminas
583 1782 776 1868 multasque
794 1782 869 1846 vias
889 1781 1043 1847 Dubium
1063 1783 1161 1847 venit
1180 1804 1321 1868 ancepS,

226 1912 269 1976 10
291 1905 452 1993 Dumque
471 1906 602 1990 haeret,
623 1908 725 1974 simul
743 1908 903 1972 hortatur
922 1930 1026 1992 seque
1045 1908 1163 1992 arguit
1183 1908 1311 1994 ipsum3

291 2031 452 2098 Concitet
470 2041 506 2098 et
524 2034 695 2120 reprimit,
717 2050 854 2099 sensum
873 2033 1095 2119 sequiturque
1115 2033 1290 2118 fugitque,

291 2160 337 2225 Et
357 2160 507 2226 studium
528 2162 658 2247 pariter
675 2161 780 2247 capit,
803 2160 936 2243 abiicit,
957 2168 1058 2247 urget
1078 2161 1236 2245 obitque,

290 2282 447 2348 Intendit
466 2283 556 2348 vires
574 2284 689 2348 animo
707 2283 866 2367 viresque
886 2281 1047 2362 remittit,

290 2407 400 2473 Exilit
419 2417 454 2472 et
470 2431 559 2472 vana
578 2407 735 2473 subsistit
751 2407 892 2472 territus
912 2430 932 2472 a
949 2430 1021 2493 spe,

225 2537 266 2605 15
288 2532 440 2600 Advolat
459 2540 562 2616 atque
582 2533 689 2597 animi
709 2533 876 2597 subducto
896 2532 1018 2597 robore
1041 2540 1172 2619 torpet,

290 2660 425 2748 Anceps
446 2660 633 2746 ancipitem
652 2667 750 2724 taxat
768 2683 803 2724 se
824 2666 927 2744 atque
947 2660 1095 2745 ambigit
1114 2660 1221 2742 ultro,

289 2786 503 2851 Distrahitur
522 2787 629 2865 varie,
650 2785 752 2850 simul
771 2785 1029 2872 implicitusque
1053 2791 1208 2866 tenetur,

289 2912 425 2976 Incerto
444 2910 619 2997 adpellens
639 2910 728 2975 istuc
751 2919 906 2975 versatur
926 2918 960 2974 et
980 2910 1063 2974 illue

289 3034 464 3121 Ambigua
483 3036 635 3122 pendens
655 3035 779 3101 anima.
799 3035 856 3099 Sic
876 3035 1058 3100 Thessalus
1078 3036 1121 3100 ad
1141 3061 1176 3100 so

222 3160 266 3224 20
290 3159 444 3226 Perfidus
463 3161 564 3226 Ixion
583 3161 718 3226 rediens
737 3184 757 3225 a
777 3182 879 3245 seque
898 3160 1058 3225 recedens

289 3285 479 3352 Consilium
498 3295 636 3372 torquet
654 3286 758 3352 varie.
779 3285 968 3351 Deflectere
984 3294 1098 3352 tentat

288 3413 420 3480 Nervos
436 3412 611 3500 abripiens
627 3412 760 3496 timide,
779 3412 847 3478 huc
865 3411 1067 3498 adiungitur
1086 3412 1184 3493 inde,

288 3539 408 3624 Deque
427 3546 521 3604 metu
538 3538 642 3604 dubio
662 3537 834 3622 dubiaque
851 3537 1041 3603 revolvitur
1060 3561 1077 3601 e
1095 3562 1154 3624 spe

288 3664 330 3729 In
349 3665 492 3732 dubium
512 3666 721 3750 dubiamque
740 3672 869 3730 metum
889 3686 1065 3750 spemque,
1082 3664 1222 3729 insimul
1244 3674 1279 3729 et
1298 3675 1369 3731 stat

221 3785 264 3847 ⁴25
289 3791 320 3854 N
323 3791 519 3877 olentesque
535 3799 650 3856 movet
670 3814 820 3876 gressus,
846 3797 941 3855 artus
960 3790 1041 3854 dare
1062 3800 1153 3854 retro

288 3915 435 4004 Appetit
451 3917 683 4004 adproperans
699 3916 800 4001 pigro
819 3915 1046 4001 stupidusque
1062 3938 1207 3999 recessu,

287 4047 531 4130 Incertumque
551 4053 671 4109 teneus
690 4050 797 4108 semet
816 4043 949 4107 vultum
970 4043 1122 4127 undique
1143 4052 1272 4125 versat;

287 4173 447 4257 Dumque
466 4171 620 4236 timenda
639 4171 752 4252 timet,
769 4168 917 4232 nihilum
937 4175 1038 4253 putat
1056 4191 1129 4232 esse
1146 4168 1346 4235 timendum.

287 4298 449 4385 Increpat
464 4298 546 4363 hino
566 4304 673 4363 semet
692 4296 833 4360 dubium
850 4315 952 4377 seque
973 4294 1100 4379 arguit,
1118 4301 1157 4357 nt
1177 4295 1236 4377 qui

219 4426 263 4489 30
288 4423 467 4488 Olaudicat
486 4424 523 4488 in
542 4433 675 4510 partem
696 4426 799 4504 atque
818 4419 855 4483 iu
871 4427 1006 4504 partem
1019 4426 1069 4482 est
1085 4440 1215 4504 pronus
1232 4428 1426 4505 utramque,
