3390 5122
390 413 428 471 18
828 423 968 469 16611111
987 423 1089 468 savin

307 576 313 590 ⁸
388 585 485 650 velut
503 583 540 648 in
559 584 710 671 equestri
726 583 770 648 ad
786 583 916 648 circum
935 580 1099 646 exercitio
1116 580 1159 645 ad
1173 579 1279 645 serios
1296 578 1439 647 bellicos
1455 600 1533 644 oon-

388 733 525 796 gressus
556 708 764 775 laudabilius
794 707 1047 795 persequendos
1078 705 1245 792 disponit,
1265 703 1369 770 tertio
1399 705 1533 775 velute

390 834 560 903 laborioso
580 834 853 901 conflictantium
870 834 1090 899 tenebrarum
1110 838 1214 918 atque
1232 830 1318 897 lucis
1335 852 1445 917 agone
1463 828 1534 895 fru-

389 961 515 1047 galiter
538 960 721 1027 evadentes
750 960 855 1026 efficit
877 967 917 1025 ut
950 981 1068 1025 eorum
1095 956 1321 1043 tranquillam
1352 943 1534 1042 posscssio-

346 1090 367 1154 b
390 1109 470 1152 nem
488 1086 690 1169 habeamus,
709 1109 795 1172 qnae
812 1109 875 1174 pro
900 1085 1087 1151 moralibus
1106 1083 1297 1149 virtutibus
1316 1080 1533 1154 stabiliendis

391 1218 427 1276 et
450 1210 672 1299 speculativis
699 1211 914 1279 illustrandis
943 1210 1135 1298 disciplinis
1159 1208 1317 1296 apprime
1340 1205 1532 1275 necessaria

392 1359 465 1402 esse
484 1346 676 1404 censentur.

824 1670 885 1733 IV.
909 1669 1095 1734 1111116111.

480 1953 577 2039 Ignis
606 1952 834 2036 heterogenca
873 1951 1088 2037 disgregans,
1122 1959 1242 2039 utpote
1278 1953 1436 2021 veritatis
1472 1976 1530 2019 au-

325 2079 368 2143 10
390 2102 498 2146 ruma
514 2077 687 2161 falsitatis,
701 2076 914 2142 credulitatis
927 2083 961 2142 et
976 2078 1149 2164 opinionis
1165 2077 1382 2164 lithargyrio,
1397 2085 1532 2144 stamno

390 2212 424 2272 et
443 2212 588 2290 argento
609 2225 802 2286 secernens),
822 2192 934 2268 calida¹
951 2203 1011 2268 lux
1030 2204 1090 2268 illa
1109 2210 1173 2287 est,
1195 2227 1283 2288 quae
1301 2203 1339 2273 in
1357 2204 1533 2290 plerisque

391 2341 534 2422 torpens
562 2330 762 2418 languidior
790 2336 934 2418 apparet
967 2336 1002 2394 61
1034 2330 1212 2413 aberrans,
1240 2330 1277 2395 in
1311 2330 1388 2396 aliis
1417 2336 1534 2396 autom

391 2462 448 2526 vel
475 2466 620 2525 naturae
650 2457 752 2522 celeri
780 2456 927 2541 quadam
958 2455 1163 2538 dexteritate
1193 2457 1317 2523 clarior
1348 2465 1399 2522 est
1429 2463 1534 2542 atque

391 2585 598 2674 promptior,
620 2584 657 2648 in
688 2582 893 2668 quibusdam
912 2605 992 2648 vero
1023 2583 1108 2648 artis
1127 2583 1336 2669 expolitione
1360 2582 1410 2648 ita
1433 2605 1533 2669 vege·

327 2713 369 2776 15
392 2720 462 2779 tem
486 2719 521 2778 et
539 2711 711 2776 illustrem
741 2708 822 2773 licet
852 2707 996 2793 intueri,
1016 2715 1055 2773 ut
1074 2708 1111 2774 in
1130 2717 1293 2777 venatore
1317 2710 1360 2776 ad
1378 2709 1533 2776 omnium

391 2837 617 2904 latibulorum
636 2841 754 2923 aptam
772 2833 1081 2922 perscrutationem
1101 2841 1135 2899 ct
1153 2834 1288 2923 fugacis
1309 2836 1313 2924 1
1333 2858 1395 2923 per
1417 2836 1533 2923 ampla
1560 2841 1596 2904 4
1608 2841 1654 2903 P

391 2962 561 3030 venabula
577 2960 803 3049 problematis
822 2959 1059 3026 inventionem
1079 2959 1255 3044 accendat,
1273 2982 1336 3025 nec
1355 2961 1469 3027 minus
1488 2962 1532 3029 ad

391 3087 577 3152 intuendos
595 3085 803 3152 evisceratae
822 3086 914 3151 ferae
934 3092 1029 3151 artus
1048 3085 1215 3152 iudicium
1239 3093 1392 3153 exacuat.
1412 3088 1533 3174 Neque

390 3213 483 3278 enim
496 3213 570 3278 sine
591 3212 595 3301 l
618 3211 803 3278 canonicae
815 3211 956 3277 huiusce
974 3211 1119 3277 rationis
1132 3211 1331 3298 cognitione
1350 3213 1442 3278 tanti
1461 3237 1534 3281 esse
1559 3215 1659 3280 p>16
1685 3224 1695 3268 Ι

324 3344 368 3407 20
390 3345 505 3426 potest
524 3328 697 3405 scintillae
715 3361 735 3404 a
755 3345 880 3403 natura
898 3338 998 3404 nobis
1018 3337 1142 3405 insitae
1161 3338 1298 3404 tenuior
1316 3338 1376 3403 illa
1396 3339 1459 3404 vis

479 3465 555 3530 Hac
577 3465 653 3530 luce
676 3464 864 3551 pertinacis
883 3463 955 3528 eius
979 3463 1154 3529 caecitatis
1178 3486 1267 3549 vaga
1290 3463 1534 3550 phantasmata

343 3668 346 3677 ,
390 3589 629 3675 discutientes,
655 3591 808 3678 primum
835 3589 973 3676 quidem
997 3588 1194 3675 incipiendo
1213 3590 1460 3676 perquirimus,
1486 3613 1535 3655 se-

391 3715 505 3781 cundo
534 3717 621 3782 citra
656 3716 771 3781 inanis
807 3714 901 3781 illius
932 3716 1081 3801 stuporis
1122 3715 1263 3781 modum
1295 3715 1455 3781 solidiore
1485 3715 1534 3781 in·

361 3823 365 3831 ’
390 3842 622 3927 vestigatione
641 3842 859 3928 proficientes
879 3842 1087 3925 invenimus,
1109 3842 1211 3907 tertio
1235 3841 1279 3907 ab
1299 3842 1458 3908 omnibus
1478 3842 1534 3909 vel
1571 3824 1576 3833 ’

324 3965 538 4031 2111111611111ν
567 3968 787 4053 ignorantiae
814 3967 998 4054 negativae
1022 3968 1244 4051 obscuritate,
1264 3968 1320 4033 vel
1351 3990 1532 4054 perversae

392 4093 629 4180 dispositionis
642 4094 812 4161 caecutire
823 4094 1031 4161 facientibus
1051 4094 1200 4181 phaleris
1224 4093 1415 4180 repurgati,
1437 4093 1535 4160 illum

486 4339 502 4385 9
526 4341 698 4398 atorogcnea
717 4336 743 4385 Ρ
824 4338 853 4385 10
876 4334 1058 4403 litliargyrio]
1082 4337 1225 4399 litargirio
1251 4336 1314 4387 PA:
1337 4335 1489 4400 litargyrio
1511 4336 1535 4386 G

394 4419 425 4466 la
441 4417 660 4483 languidiorque
674 4418 741 4466 16616
755 4417 778 4467 G
843 4418 924 4467 1115
942 4425 1073 4482 vegetam
1087 4418 1195 4470 sitienda
1211 4419 1235 4470 (ι’
1299 4418 1330 4469 18
1346 4422 1443 4468 arctus
1456 4414 1537 4470 PAO

393 4502 424 4553 26
441 4498 568 4548 cecutire
579 4498 606 4549 P
