3390 5122
664 381 802 426 rounam
824 380 927 424 naum

669 695 821 761 CAPVT
855 695 933 760 XV.

357 858 390 896 Dc
401 857 568 897 conditionibus
582 858 680 907 partlum
694 854 718 896 in
734 857 848 907 domibus,
861 857 925 896 atrlls
939 862 962 895 et
976 858 1062 906 campis
1076 855 1235 896 observandis.

314 1100 537 1167 Conditiones
556 1101 848 1187 receptaculorum
867 1122 909 1165 ex
928 1100 1082 1186 tmlgatis
1101 1107 1135 1164 et
1148 1098 1192 1164 ab
1204 1097 1370 1164 omnibus

224 1227 414 1293 observatis
430 1227 467 1291 in
486 1226 615 1313 templo
632 1227 873 1312 Mnemosynes
892 1225 942 1290 ita
962 1225 1221 1312 explicavimus,

181 1347 202 1409 ὃ
312 1351 461 1417 Istorum
480 1351 664 1417 simulacra
679 1352 758 1416 sinu
778 1359 914 1417 sensata
934 1349 1084 1416 facultas

224 1476 365 1542 interno
385 1497 586 1562 comprensa
605 1481 720 1557 tenet,
740 1498 828 1561 quae
847 1476 943 1542 visus
962 1476 1006 1541 ab
1025 1475 1111 1563 ipsis

224 1601 406 1666 Abstraxit
424 1600 525 1666 rebus
545 1602 636 1666 clare
655 1608 834 1667 constante
854 1600 980 1687 figura..

224 1738 241 1785 1
269 1725 457 1812 Complexu
476 1748 664 1812 numquam
679 1737 778 1792 vasto
798 1736 879 1792 sunt
898 1737 980 1813 apta
998 1726 1121 1791 locatis

225 1852 386 1938 Exiguis,
406 1874 517 1936 neque
535 1875 643 1939 parva
661 1853 766 1918 nimis
785 1853 915 1918 maiora
938 1859 1127 1939 receptant.

160 1968 202 2031 10
223 1977 387 2043 Vanescit
407 1977 559 2063 dispersa
579 1979 693 2064 ampla
713 1979 754 2043 de
773 1978 850 2044 sede
867 1979 991 2064 figura,

225 2102 441 2189 Corporeque
460 2109 512 2167 est
528 2103 661 2168 modico
680 2102 819 2190 fugiens
838 2103 997 2168 examina
1016 2103 1120 2168 visus.

226 2228 306 2294 Sint
324 2251 411 2314 quae
429 2229 603 2294 hominem
623 2229 776 2316 capiant,
797 2231 856 2314 qui
876 2229 997 2296 stricto
1016 2229 1159 2295 brachia
1177 2229 1270 2293 ferro

224 2356 415 2442 Exagitans
434 2356 581 2421 nihilum
598 2357 781 2443 perlatum
801 2363 924 2442 tangat
944 2365 979 2422 et
1002 2356 1121 2421 altum.

224 2493 241 2539 1
269 2479 431 2567 Spemito
450 2480 661 2546 inaccessum
680 2481 830 2568 sapienS,
849 2480 1079 2565 manibusque
1094 2487 1265 2545 remotum

162 2608 201 2671 15
224 2605 405 2692 Pergentis
425 2606 572 2687 circum;
592 2628 661 2672 non
680 2613 714 2670 te
735 2606 896 2672 sublimia
916 2606 998 2671 tecti

224 2731 423 2818 Accipiunt,
444 2753 557 2797 coram
577 2754 688 2816 neque
706 2739 806 2818 posta
824 2731 1003 2796 cacumina
1023 2730 1142 2811 turris,

225 2854 397 2942 Stansque
415 2855 566 2922 fenestra
585 2855 721 2942 procul,
741 2857 844 2941 longe
863 2855 1069 2941 sumensque
1088 2855 1254 2920 caminus

225 2992 242 3037 ἵ
269 2980 452 3066 Sylvosum
473 3006 512 3046 ac
532 2982 627 3046 varia
643 2981 829 3046 obductum
849 2982 996 3067 caligine
1016 2980 1136 3045 multis

224 3104 424 3171 (lutreistens
443 3107 609 3187 numeris,
627 3106 687 3170 ubi
707 3107 947 3172 concurrentia
966 3129 1001 3171 se
1019 3129 1054 3170 se

160 3238 203 3299 20
226 3232 376 3317 Aspactu
396 3230 606 3317 implicitant
627 3232 734 3313 varie,
755 3239 951 3313 cuntemue3
971 3231 1048 3316 quis
1073 3237 1188 3295 atrum

228 3356 352 3419 linerat
372 3378 529 3442 campum
551 3366 654 3440 atque
674 3380 775 3443 super
794 3357 869 3421 vult
889 3358 1036 3423 scribere
1056 3356 1255 3443 scriptum?

226 3492 242 3537 t
270 3480 446 3545 ‘lmeinrili
468 3481 541 3545 luca
558 3504 658 3547 caeca
677 3483 777 3548 modo
793 3482 889 3566 fuge;
909 3505 989 3547 uam
1009 3483 1106 3547 velut
1124 3482 1200 3568 ipsa

227 3606 382 3692 Ancipiti
402 3606 536 3671 iaciunt
555 3607 688 3671 externi
714 3606 845 3671 lumina
870 3630 988 3672 sensus

226 3730 390 3815 'l'enpreri
412 3732 541 3817 specie,
562 3732 670 3796 multo
687 3732 722 3796 id
743 3755 840 3817 mage
857 3754 956 3818 posse
974 3740 1097 3818 putato

160 3860 203 3921 ⁶25»
228 3856 312 3921 Ileic
335 3857 390 3919 ubi
410 3880 521 3943 prce-'a
541 3871 680 3921 manent
697 3857 793 3923 tenui
813 3857 961 3942 vestigia
985 3858 1028 3922 ab
1053 3858 1186 3922 umbra.

226 3994 242 4037 ἵ
272 3983 416 4047 Lmnine
437 4008 498 4047 nec
519 3983 624 4047 nimiu
645 3984 686 4047 ad
706 3984 811 4048 ..sulem
830 4006 993 4048 conversa
1014 3984 1193 4061 valebunt,

227 4108 357 4193 Nempe
374 4110 465 4172 velut
486 4122 582 4171 urata
602 4110 730 4194 speeies
747 4110 910 4195 absorpta
926 4108 1099 4195 profundo

226 4231 408 4315 Vanescit,
430 4233 559 4297 inultus
579 4256 638 4297 eru
656 4233 761 4297 laeulit
780 4234 913 4298 lumina
932 4234 1057 4320 fulgor.

725 4379 804 4384 --—
1041 4377 1353 4386 ————.—

326 4423 353 4469 lit
373 4422 542 4483 llxugitana:
560 4424 679 4473 nihilum
744 4426 772 4472 21
794 4426 907 4481 llxarut]
921 4422 957 4470 sie
