3390 5122
345 441 383 498 10
780 449 922 493 1onniu1
943 447 1045 491 nnvni

384 615 483 674 Nota
503 584 646 683 primae
667 612 826 682 figurae,
848 609 886 666 in
908 619 982 679 qua
1002 607 1124 665 maior
1145 604 1352 676 propositio
1374 602 1445 680 BA,

434 710 555 769 minor
574 706 643 784 OB,
666 708 853 768 conclusio
875 706 1022 765 directe
1043 701 1111 780 CA,
1133 703 1321 763 indirecta
1340 699 1405 760 AO.

904 917 926 963 Β
1109 919 1129 972 C

715 975 1121 1383 W

365 1572 465 1631 Nota
486 1570 671 1627 secundae
692 1569 852 1639 figurae,
873 1567 910 1624 in
933 1578 1008 1636 qua
1028 1564 1148 1623 maior
1170 1562 1377 1635 propositio
1398 1560 1469 1637 AB,
1515 1563 1547 1611 a
1561 1546 1670 1611 511²

429 1669 550 1728 minor
571 1667 639 1744 OB,
662 1667 850 1728 conclusio
871 1667 1019 1726 directa
1040 1664 1109 1739 cA,
1130 1662 1185 1722 Ac
1206 1664 1404 1722 indirecta.
1488 1729 1491 1734 ,

758 1921 1090 2379 Α

304 2571 325 2634 5
393 2570 493 2628 Note
514 2567 654 2625 tertiae
675 2568 833 2642 figurae,
855 2568 893 2626 in
915 2581 989 2638 que
1008 2568 1130 2626 maior
1149 2565 1221 2643 BA,
1243 2567 1364 2625 minor
1384 2564 1452 2641 ΒΟ,

406 2667 595 2725 conclusio
614 2664 669 2725 CA
687 2668 830 2726 directe
849 2669 887 2726 et
904 2665 959 2725 AG
976 2666 1160 2725 indirecte
1177 2667 1436 2725 concludendo.

791 3713 849 3777 vi.
874 3714 1060 3778 Mnunnvn.

441 3967 681 4036 Universalem
711 3967 820 4052 igitur
850 3968 1093 4033 affirmativam
1126 3970 1331 4035 concludere
1361 3970 1494 4058 volone,

306 4186 310 4193 .
354 4095 527 4182 quaech
552 4092 716 4175 medium,
737 4094 829 4178 quod
848 4095 1046 4160 continetur
1069 4101 1181 4161 totuin
1201 4096 1244 4162 eb
1264 4097 1309 4181 A,
1330 4096 1366 4162 id
1385 4107 1437 4164 cst
1456 4098 1499 4165 de

290 4228 332 4291 10
355 4243 422 4306 quo
441 4221 473 4285 Α
490 4219 733 4286 universaliter
760 4219 994 4306 praedicetur,
1016 4226 1051 4285 et
1080 4221 1237 4287 continet
1265 4229 1379 4289 totum
1398 4225 1440 4310 O,
1461 4224 1498 4290 id

355 4354 407 4412 est
425 4346 517 4431 quod
535 4345 780 4412 universaliter
798 4346 1018 4433 praedicatur
1036 4345 1078 4410 de
1097 4347 1137 4430 O,
1157 4352 1192 4411 et
1211 4350 1499 4433 argumentebere

356 4474 452 4538 iuxta
466 4471 617 4559 primum
632 4473 766 4561 primae
784 4472 914 4559 figurae
930 4472 1079 4539 modum.
1098 4473 1136 4539 Si
1151 4475 1381 4543 universalem
1397 4498 1500 4565 nege-
