3390 5122
475 707 753 818 IORDANI
786 710 996 814 BRVNI
1032 711 1284 815 NOLANI
1479 731 1501 791 1
1557 777 1559 780 >

359 964 434 1037 DE
477 963 866 1043 COMPOSITIONE
906 967 1192 1045 IMAGINVM
1232 967 1399 1042 LIBER

766 1197 808 1237 Au
826 1196 993 1238 ILLVSTRBM

576 1348 623 1434 IQ.
657 1349 852 1405 HAINRICV
853 1349 883 1403 M
915 1347 1188 1404 HAINGELLIVM

722 1526 869 1563 lbcovlss
891 1526 1040 1559 ὓΟΙΙΙΙΉΙ.

683 2241 835 2307 OAPVT
876 2241 1075 2307 PRIMVM.

709 2387 743 2425 Da
756 2386 818 2438 luce,
834 2386 898 2426 radio
917 2389 941 2426 at
955 2386 1055 2436 speculo.

401 2571 472 2637 Ens
491 2571 528 2636 in
546 2571 614 2638 tria
632 2572 746 2659 eapita
765 2572 990 2639 distributum
1003 2573 1223 2660 intelligitur,
1239 2573 1447 2661 metaphysi-

314 2721 403 2783 cum,
428 2698 610 2785 physicum
634 2706 669 2767 et
692 2699 842 2785 logicum
870 2699 1112 2765 universaliter
1137 2699 1282 2782 dietum;
1310 2709 1350 2766 ut
1380 2700 1448 2765 tria

248 2823 291 2886 10
313 2832 394 2891 sunt
413 2824 565 2891 omnium
591 2824 774 2912 principia,
794 2824 900 2906 Deus5
928 2831 1053 2890 natura
1081 2829 1184 2910 atque
1214 2847 1284 2908 ars;
1314 2838 1349 2890 et
1376 2832 1446 2889 tras

313 2957 393 3015 sunt
412 2949 566 3035 effeetus,
585 2949 737 3034 divinus,
761 2949 944 3028 naturalis
964 2949 1166 3016 artificialis,

402 3074 512 3141 Omne
530 3099 636 3163 agens
654 3075 831 3163 proposito
850 3082 884 3141 et
899 3097 969 3141 non
984 3074 1189 3141 necessitate
1205 3074 1353 3160 quadam
1370 3095 1449 3140 eou-

314 3201 475 3267 stitutum
500 3202 646 3289 speciem
670 3201 720 3267 rei
745 3200 942 3266 efficiendae
965 3207 1004 3267 ut
1026 3200 1286 3288 praeconcipiat
1305 3206 1452 3286 oportet.

315 3326 410 3405 Quae
429 3350 511 3393 sane
526 3328 655 3416 speeies
672 3334 752 3392 ante
769 3327 943 3392 naturalia
962 3327 1158 3415 appellatur
1177 3325 1280 3409 idea,
1294 3326 1331 3390 in
1350 3332 1453 3391 natu·

251 3457 292 3522 15
314 3452 445 3518 ralibus
462 3451 591 3518 forma
611 3452 684 3518 sive
704 3451 926 3539 vestigium
956 3451 1155 3536 idearum,
1173 3451 1211 3516 in
1236 3458 1454 3538 postnatura·

313 3577 405 3644 libus
423 3578 529 3644 ratio
557 3601 617 3644 seu
645 3577 838 3663 intenti0,
861 3600 948 3663 quae
977 3578 1015 3643 in
1032 3577 1182 3664 primam
1209 3584 1312 3663 atque
1337 3599 1455 3642 seeun-

315 3703 394 3769 dam
413 3703 649 3791 distinguitur,
670 3725 776 3788 quam
794 3725 857 3769 nos
873 3702 1058 3789 aliquando
1075 3702 1255 3768 idearum
1275 3702 1455 3768 umbram

316 3831 556 3897 consuevimus
581 3830 764 3918 appellare.

405 3957 507 4022 Ideae
536 3963 617 4023 sunt
647 3979 749 4022 eausa
775 3978 890 4023 rerum
925 3963 1005 4022 ante
1031 3978 1099 4041 res,
1127 3955 1280 4021 idearum
1308 3954 1455 4040 vestigia

251 4079 296 4143 ‘20
318 4090 399 4149 sunt
424 4082 519 4169 ipsae
542 4105 596 4148 ras
615 4105 675 4148 seu
705 4105 792 4167 quae
819 4083 856 4147 in
880 4083 997 4166 rebuS‚
1018 4081 1173 4148 idearum
1203 4081 1345 4146 umbrae
1375 4087 1456 4146 sunt

319 4209 362 4274 ab
384 4213 388 4293 Ι
409 4208 494 4296 ipsis
512 4208 615 4274 rebus
628 4231 688 4274 seu
703 4215 782 4295 post
794 4230 856 4291 rea,
872 4230 958 4294 quae
973 4215 1072 4274 tanto
1084 4207 1211 4273 minori
1229 4207 1363 4272 ratione
1383 4229 1455 4271 esse
1481 4210 1513 4272 2

318 4333 481 4408 dicuntur
518 4356 621 4419 quam
653 4356 708 4400 res
735 4333 831 4420 ipsae
858 4357 945 4420 quae
974 4358 994 4400 a
1026 4342 1172 4400 naturae
1198 4333 1330 4420 gremio
1353 4332 1456 4419 profi-

319 4458 504 4545 ciscuntur,
524 4466 654 4546 quanto
672 4481 726 4523 res
745 4459 840 4546 ipsae
859 4483 963 4546 quam
982 4483 1090 4543 mens,
1110 4459 1187 4525 idea
1206 4467 1309 4546 atque
1328 4458 1455 4546 prinei·
