3390 5122
576 432 621 477 Du
642 431 798 476 LAMPADE
820 431 1017 477 VENATORIA.

684 804 904 870 SPEOVLA.

672 1202 698 1266 Ι.
723 1203 911 1267 Mannavn.

310 1460 362 1524 De
381 1482 496 1525 rorum
511 1460 657 1526 veritate
676 1461 896 1558 cupientibus
909 1460 1104 1547 informari,
1117 1461 1269 1549 primum
1283 1483 1362 1548 ope·

220 1609 278 1652 rae
296 1586 450 1674 precium
476 1593 527 1652 est
557 1586 671 1673 ipsum
692 1586 696 1674 1
718 1585 809 1672 quod
827 1586 978 1652 trahitur
997 1585 1033 1652 in
1054 1585 1362 1653 considerationem
1387 1591 1507 1656 211²

176 1709 198 1773 5
220 1714 329 1780 veluti
343 1714 518 1781 aoaeteris
535 1713 756 1800 abiungendo
772 1713 953 1802 depurare,
970 1721 1011 1778 ut
1026 1713 1151 1779 clarius
1171 1720 1206 1779 et
1225 1713 1363 1779 eviden-

220 1841 290 1907 tius
318 1840 426 1928 ipsius
455 1863 543 1926 quae
566 1840 747 1927 qualisque
770 1840 816 1907 sit
840 1847 966 1907 natura
991 1840 1094 1907 liceat
1118 1841 1363 1928 contempleri;

221 1967 309 2031 male
329 1966 420 2031 enim
438 1987 606 2052 aegreque
625 1987 747 2031 aurum
767 1966 805 2032 in
823 1965 967 2054 physica
986 1965 1189 2053 impuritate
1206 1965 1365 2033 ohimioa-

221 2114 287 2178 que
306 2091 551 2158 commixtione
570 2091 790 2178 cognoscitur
806 2099 841 2157 et
859 2091 1039 2157 iudicatur.
1057 2090 1214 2156 Secundo
1233 2091 1294 2156 ubi
1313 2092 1364 2157 rei

220 2217 310 2283 ratio
329 2217 402 2284 sive
421 2215 570 2282 essentia
600 2216 687 2281 citra
720 2216 833 2282 omnis
851 2216 1094 2305 homonymiae
1126 2215 1363 2282 confusionem

155 2346 200 2411 10
222 2343 328 2408 fuerit
346 2349 539 2430 perspecta,
560 2342 747 2408 secundum
771 2342 844 2408 eius
864 2364 936 2409 esee
958 2341 1155 2411 absolutum
1175 2342 1364 2408 considere-

221 2476 292 2556 tur,
324 2476 493 2556 quatenus
522 2467 685 2536 videlicet
715 2469 862 2535 unitatis
892 2475 944 2535 est
965 2469 1154 2557 particeps3
1188 2475 1228 2535 ut
1258 2471 1362 2537 tertio

222 2595 360 2662 tandem
379 2595 567 2660 secundum
586 2618 658 2661 esse
682 2594 927 2682 respectivum,
952 2618 1019 2681 quo
1039 2596 1076 2661 in
1095 2594 1263 2661 dualitate
1282 2619 1364 2682 qua·

221 2721 301 2787 dam
328 2721 513 2787 consistere
542 2721 692 2805 videtur,
713 2720 926 2807 apprehendi
946 2721 1033 2787 citra
1063 2743 1213 2788 errorem
1243 2722 1361 2808 possit.

220 2847 421 2913 Proximum
440 2853 492 2913 est
510 2846 601 2933 quod
619 2846 686 2913 duo
706 2869 821 2913 rerum
840 2846 1013 2935 principia
1027 2847 1197 2914 unitatem
1216 2854 1251 2913 et
1267 2848 1363 2913 bina-

155 2969 198 3035 15
219 2972 311 3040 rium
322 2973 585 3039 interminatum
602 2973 763 3039 dixerunt
779 2972 999 3060 Pythagorei,
1013 2971 1095 3037 dum
1107 2995 1169 3059 per
1181 2973 1277 3038 illam
1290 2997 1363 3038 esso

220 3097 416 3166 absolutum
434 3098 527 3185 quod
544 3099 674 3165 habent
694 3099 823 3185 omnia,
843 3122 905 3187 per
921 3098 1013 3164 istud
1030 3120 1111 3165 vero
1130 3098 1362 3185 respectivum

221 3224 410 3311 significari
433 3223 570 3290 vellent.
595 3222 890 3291 Artificiosissime
914 3224 1023 3310 igitur
1046 3222 1251 3289 Aristoteles
1276 3246 1362 3310 opus

220 3351 393 3418 venatoris
410 3351 447 3417 in
462 3350 643 3437 aequivoci
658 3349 918 3431 discussionem,
939 3348 1178 3415 similitudinis
1194 3349 1362 3416 intuitum

220 3483 256 3541 et
270 3476 486 3542 differentiae
509 3476 818 3543 considerationem
842 3475 1016 3558 distinxit,
1042 3498 1109 3562 quo
1129 3498 1192 3564 per
1211 3475 1362 3562 primurn

152 3606 198 3670 ⁶20
220 3601 329 3668 veluti
359 3601 538 3688 depuratio
557 3601 631 3686 fiat,
652 3624 713 3689 per
743 3601 931 3667 secundum
962 3600 1142 3687 adipsum
1166 3600 1251 3686 quid
1270 3601 1307 3666 in
1327 3625 1362 3666 se

220 3727 266 3793 sit
285 3726 395 3814 magis
415 3726 689 3812 cognoscendum
705 3728 802 3793 volut
818 3749 923 3792 manu
940 3725 1120 3809 ducamur,
1139 3748 1201 3812 per
1219 3725 1366 3791 tortium

219 3853 335 3940 potius
357 3875 434 3918 eam
464 3875 567 3938 quam
599 3852 642 3917 ad
669 3860 802 3918 caetera
831 3852 958 3918 referat
987 3851 1228 3916 habitudinem
1253 3850 1362 3916 conci-

219 3978 368 4066 piamus;
387 3978 424 4043 iu
442 3977 496 4042 his
516 3977 608 4042 onim
623 3977 735 4064 primo
754 3977 932 4042 distinctio
949 3976 1083 4042 confert
1102 3976 1145 4042 ed
1164 3977 1360 4058 veritatem,

220 4103 368 4169 secundo
391 4103 582 4169 similitudo
606 4103 649 4168 ad
667 4104 853 4188 unitatem,
873 4103 978 4169 tortio
998 4102 1041 4168 ad
1066 4101 1270 4168 dualitatem
1288 4101 1362 4188 plu-

153 4232 198 4296 ‘25
220 4228 461 4314 ralitatemque
481 4228 688 4294 differentia.

441 4396 941 4403 ——-——--....—.-..-.-—..-.-
945 4397 1002 4403 ...-

314 4478 466 4545 &tepere
480 4479 505 4528 Ρ
567 4478 762 4542 lprotiumG
826 4476 1111 4530 ouomonimiaeltl

353 4583 427 4622 Bauer
446 4584 500 4632 opp.
512 4583 553 4621 lor.
566 4581 597 4629 11,
608 4582 630 4622 3.
