<?xml version="1.0" encoding="UTF-8"?>
<!DOCTYPE html PUBLIC "-//W3C//DTD XHTML 1.0 Transitional//EN"
    "http://www.w3.org/TR/xhtml1/DTD/xhtml1-transitional.dtd">
<html xmlns="http://www.w3.org/1999/xhtml" xml:lang="en" lang="en">
 <head>
  <title>
</title>
<meta http-equiv="Content-Type" content="text/html;charset=utf-8" />
  <meta name='ocr-system' content='tesseract 3.04.00' />
  <meta name='ocr-capabilities' content='ocr_page ocr_carea ocr_par ocr_line ocrx_word'/>
</head>
<body>
  <div class='ocr_page' id='page_1' title='image "./jordanibruninol00brungoog_0179.png"; bbox 0 0 3390 5122; ppageno 0'>
   <div class='ocr_carea' id='block_1_1' title="bbox 735 386 997 432">
    <p class='ocr_par' dir='ltr' id='par_1_1' title="bbox 735 386 997 432">
     <span class='ocr_line' id='line_1_1' title="bbox 735 386 997 432; baseline 0.008 -2"><span class='ocrx_word' id='word_1_1' title='bbox 735 386 874 432; x_wconf 71' lang='lat' dir='ltr'>loevam</span> <span class='ocrx_word' id='word_1_2' title='bbox 896 387 997 432; x_wconf 78' lang='lat' dir='ltr'>Bavm</span> 
     </span>
    </p>
   </div>
   <div class='ocr_carea' id='block_1_2' title="bbox 235 543 1528 2115">
    <p class='ocr_par' dir='ltr' id='par_1_2' title="bbox 430 543 1246 629">
     <span class='ocr_line' id='line_1_2' title="bbox 430 543 1246 629; baseline 0.001 -21"><span class='ocrx_word' id='word_1_3' title='bbox 430 544 488 608; x_wconf 93' lang='lat' dir='ltr'><strong>VI.</strong></span> <span class='ocrx_word' id='word_1_4' title='bbox 508 544 549 608; x_wconf 89' lang='lat' dir='ltr'>In</span> <span class='ocrx_word' id='word_1_5' title='bbox 569 544 658 609; x_wconf 89' lang='lat' dir='ltr'>atrio</span> <span class='ocrx_word' id='word_1_6' title='bbox 677 543 869 609; x_wconf 85' lang='lat' dir='ltr'>Creationis</span> <span class='ocrx_word' id='word_1_7' title='bbox 888 544 1040 629; x_wconf 83' lang='lat' dir='ltr'>agricola</span> <span class='ocrx_word' id='word_1_8' title='bbox 1059 545 1246 610; x_wconf 76' lang='lat' dir='ltr'>seminans</span> 
     </span>
    </p>

    <p class='ocr_par' dir='ltr' id='par_1_3' title="bbox 430 669 1528 759">
     <span class='ocr_line' id='line_1_3' title="bbox 430 669 1528 759; baseline 0.003 -25"><span class='ocrx_word' id='word_1_9' title='bbox 430 669 507 734; x_wconf 90' lang='lat' dir='ltr'><strong>VII.</strong></span> <span class='ocrx_word' id='word_1_10' title='bbox 520 670 562 734; x_wconf 91' lang='lat' dir='ltr'>In</span> <span class='ocrx_word' id='word_1_11' title='bbox 574 670 662 735; x_wconf 88' lang='lat' dir='ltr'>atrio</span> <span class='ocrx_word' id='word_1_12' title='bbox 675 670 864 736; x_wconf 86' lang='lat' dir='ltr'>Charitatis</span> <span class='ocrx_word' id='word_1_13' title='bbox 876 670 954 736; x_wconf 85' lang='lat' dir='ltr'>fons</span> <span class='ocrx_word' id='word_1_14' title='bbox 967 671 1097 736; x_wconf 88' lang='lat' dir='ltr'>circum</span> <span class='ocrx_word' id='word_1_15' title='bbox 1108 672 1262 757; x_wconf 87' lang='lat' dir='ltr'>undique</span> <span class='ocrx_word' id='word_1_16' title='bbox 1274 671 1437 759; x_wconf 86' lang='lat' dir='ltr'>irriguus.</span> <span class='ocrx_word' id='word_1_17' title='bbox 1465 676 1528 739; x_wconf 74' lang='lat'>&#39;⁷1</span> 
     </span>
    </p>

    <p class='ocr_par' dir='ltr' id='par_1_4' title="bbox 297 794 1437 1010">
     <span class='ocr_line' id='line_1_4' title="bbox 430 794 1437 884; baseline 0.002 -23"><span class='ocrx_word' id='word_1_18' title='bbox 430 795 527 861; x_wconf 86' lang='lat' dir='ltr'><strong>VIII.</strong></span> <span class='ocrx_word' id='word_1_19' title='bbox 546 794 589 858; x_wconf 89' lang='lat' dir='ltr'>In</span> <span class='ocrx_word' id='word_1_20' title='bbox 607 795 696 863; x_wconf 90' lang='lat' dir='ltr'>atrio</span> <span class='ocrx_word' id='word_1_21' title='bbox 715 794 823 861; x_wconf 90' lang='lat' dir='ltr'>Dubii</span> <span class='ocrx_word' id='word_1_22' title='bbox 835 795 970 861; x_wconf 84' lang='lat' dir='ltr'>iuvenis</span> <span class='ocrx_word' id='word_1_23' title='bbox 982 796 1113 884; x_wconf 84' lang='lat' dir='ltr'>biceps,</span> <span class='ocrx_word' id='word_1_24' title='bbox 1132 796 1266 863; x_wconf 87' lang='lat' dir='ltr'>furcam</span> <span class='ocrx_word' id='word_1_25' title='bbox 1279 797 1316 862; x_wconf 88' lang='lat' dir='ltr'>iu</span> <span class='ocrx_word' id='word_1_26' title='bbox 1332 819 1437 863; x_wconf 88' lang='lat' dir='ltr'>manu</span> 
     </span>
     <span class='ocr_line' id='line_1_5' title="bbox 297 919 1310 1010; baseline 0.001 -25"><span class='ocrx_word' id='word_1_27' title='bbox 297 928 431 1003; x_wconf 86' lang='lat' dir='ltr'>tenens,</span> <span class='ocrx_word' id='word_1_28' title='bbox 451 943 545 985; x_wconf 91' lang='lat' dir='ltr'>nunc</span> <span class='ocrx_word' id='word_1_29' title='bbox 563 919 605 985; x_wconf 90' lang='lat' dir='ltr'>ad</span> <span class='ocrx_word' id='word_1_30' title='bbox 625 919 781 985; x_wconf 83' lang='lat' dir='ltr'>dextram</span> <span class='ocrx_word' id='word_1_31' title='bbox 799 942 893 986; x_wconf 88' lang='lat' dir='ltr'>nunc</span> <span class='ocrx_word' id='word_1_32' title='bbox 912 920 956 986; x_wconf 89' lang='lat' dir='ltr'>ad</span> <span class='ocrx_word' id='word_1_33' title='bbox 974 921 1109 986; x_wconf 86' lang='lat' dir='ltr'>laevam</span> <span class='ocrx_word' id='word_1_34' title='bbox 1129 923 1310 1010; x_wconf 87' lang='lat' dir='ltr'>cespitans.</span> 
     </span>
    </p>

    <p class='ocr_par' dir='ltr' id='par_1_5' title="bbox 254 1044 1435 1133">
     <span class='ocr_line' id='line_1_6' title="bbox 254 1044 1435 1133; baseline 0.004 -27"><span class='ocrx_word' id='word_1_35' title='bbox 254 1047 274 1106; x_wconf 74' lang='grc' dir='ltr'>ι’)</span> <span class='ocrx_word' id='word_1_36' title='bbox 430 1045 494 1110; x_wconf 90' lang='grc' dir='ltr'>ΙΧ.</span> <span class='ocrx_word' id='word_1_37' title='bbox 513 1045 556 1110; x_wconf 92' lang='lat' dir='ltr'>In</span> <span class='ocrx_word' id='word_1_38' title='bbox 569 1045 658 1110; x_wconf 88' lang='lat' dir='ltr'>atrio</span> <span class='ocrx_word' id='word_1_39' title='bbox 671 1044 843 1111; x_wconf 80' lang='lat' dir='ltr'>Fallaciae</span> <span class='ocrx_word' id='word_1_40' title='bbox 855 1045 1014 1133; x_wconf 75' lang='lat' dir='ltr'><strong>pontifex</strong></span> <span class='ocrx_word' id='word_1_41' title='bbox 1026 1048 1166 1113; x_wconf 86' lang='lat' dir='ltr'>mitram</span> <span class='ocrx_word' id='word_1_42' title='bbox 1179 1048 1340 1132; x_wconf 81' lang='lat' dir='ltr'>offerens,</span> <span class='ocrx_word' id='word_1_43' title='bbox 1353 1055 1435 1113; x_wconf 88' lang='lat' dir='ltr'>ante</span> 
     </span>
    </p>

    <p class='ocr_par' dir='ltr' id='par_1_6' title="bbox 298 1170 1120 1258">
     <span class='ocr_line' id='line_1_7' title="bbox 298 1170 1120 1258; baseline 0.002 -25"><span class='ocrx_word' id='word_1_44' title='bbox 298 1194 399 1256; x_wconf 86' lang='lat' dir='ltr'>quem</span> <span class='ocrx_word' id='word_1_45' title='bbox 420 1170 478 1256; x_wconf 88' lang='lat' dir='ltr'>qui</span> <span class='ocrx_word' id='word_1_46' title='bbox 497 1170 639 1258; x_wconf 88' lang='lat' dir='ltr'>propius</span> <span class='ocrx_word' id='word_1_47' title='bbox 656 1177 844 1236; x_wconf 76' lang='lat' dir='ltr'>accesserat</span> <span class='ocrx_word' id='word_1_48' title='bbox 860 1171 1120 1258; x_wconf 88' lang='lat' dir='ltr'>praecipitatur.</span> 
     </span>
    </p>

    <p class='ocr_par' dir='ltr' id='par_1_7' title="bbox 430 1295 1295 1381">
     <span class='ocr_line' id='line_1_8' title="bbox 430 1295 1295 1381; baseline 0.002 -21"><span class='ocrx_word' id='word_1_49' title='bbox 430 1295 475 1360; x_wconf 91' lang='lat' dir='ltr'>X.</span> <span class='ocrx_word' id='word_1_50' title='bbox 495 1296 535 1360; x_wconf 90' lang='lat' dir='ltr'>In</span> <span class='ocrx_word' id='word_1_51' title='bbox 554 1295 643 1361; x_wconf 87' lang='lat' dir='ltr'>atrio</span> <span class='ocrx_word' id='word_1_52' title='bbox 662 1295 807 1381; x_wconf 85' lang='lat' dir='ltr'>Flagitii</span> <span class='ocrx_word' id='word_1_53' title='bbox 826 1319 929 1361; x_wconf 85' lang='lat' dir='ltr'>senex</span> <span class='ocrx_word' id='word_1_54' title='bbox 948 1297 1109 1362; x_wconf 86' lang='lat' dir='ltr'>excidens</span> <span class='ocrx_word' id='word_1_55' title='bbox 1124 1298 1169 1362; x_wconf 93' lang='lat' dir='ltr'>ab</span> <span class='ocrx_word' id='word_1_56' title='bbox 1186 1297 1295 1364; x_wconf 86' lang='lat' dir='ltr'>asino.</span> 
     </span>
    </p>

    <p class='ocr_par' dir='ltr' id='par_1_8' title="bbox 298 1420 1434 1634">
     <span class='ocr_line' id='line_1_9' title="bbox 429 1420 1434 1509; baseline 0.002 -24"><span class='ocrx_word' id='word_1_57' title='bbox 429 1421 493 1485; x_wconf 93' lang='lat' dir='ltr'><strong>XI.</strong></span> <span class='ocrx_word' id='word_1_58' title='bbox 512 1421 556 1486; x_wconf 91' lang='lat' dir='ltr'>In</span> <span class='ocrx_word' id='word_1_59' title='bbox 568 1422 657 1486; x_wconf 88' lang='lat' dir='ltr'>atrio</span> <span class='ocrx_word' id='word_1_60' title='bbox 669 1420 816 1486; x_wconf 84' lang='lat' dir='ltr'>Fraudis</span> <span class='ocrx_word' id='word_1_61' title='bbox 828 1422 945 1487; x_wconf 87' lang='lat' dir='ltr'>vetula</span> <span class='ocrx_word' id='word_1_62' title='bbox 957 1425 1066 1489; x_wconf 88' lang='lat' dir='ltr'>altera</span> <span class='ocrx_word' id='word_1_63' title='bbox 1082 1445 1187 1488; x_wconf 88' lang='lat' dir='ltr'>manu</span> <span class='ocrx_word' id='word_1_64' title='bbox 1196 1422 1434 1509; x_wconf 78' lang='lat' dir='ltr'>harpaginem,</span> 
     </span>
     <span class='ocr_line' id='line_1_10' title="bbox 298 1546 843 1634; baseline -0.002 -21"><span class='ocrx_word' id='word_1_65' title='bbox 298 1548 406 1613; x_wconf 84' lang='lat' dir='ltr'>altera</span> <span class='ocrx_word' id='word_1_66' title='bbox 424 1546 543 1613; x_wconf 85' lang='lat' dir='ltr'>favum</span> <span class='ocrx_word' id='word_1_67' title='bbox 562 1546 674 1613; x_wconf 88' lang='lat' dir='ltr'>mellis</span> <span class='ocrx_word' id='word_1_68' title='bbox 693 1556 843 1634; x_wconf 87' lang='lat' dir='ltr'>gestans.</span> 
     </span>
    </p>

    <p class='ocr_par' dir='ltr' id='par_1_9' title="bbox 235 1671 1441 2010">
     <span class='ocr_line' id='line_1_11' title="bbox 235 1671 1441 1760; baseline -0.002 -20"><span class='ocrx_word' id='word_1_69' title='bbox 235 1678 275 1740; x_wconf 76' lang='lat'>10</span> <span class='ocrx_word' id='word_1_70' title='bbox 431 1672 514 1736; x_wconf 90' lang='lat' dir='ltr'><strong>XII.</strong></span> <span class='ocrx_word' id='word_1_71' title='bbox 534 1672 577 1737; x_wconf 92' lang='lat' dir='ltr'>In</span> <span class='ocrx_word' id='word_1_72' title='bbox 589 1672 678 1738; x_wconf 91' lang='lat' dir='ltr'>atrio</span> <span class='ocrx_word' id='word_1_73' title='bbox 695 1671 824 1738; x_wconf 82' lang='lat' dir='ltr'>Gaudii</span> <span class='ocrx_word' id='word_1_74' title='bbox 836 1673 950 1760; x_wconf 89' lang='lat' dir='ltr'>puella</span> <span class='ocrx_word' id='word_1_75' title='bbox 963 1673 1067 1738; x_wconf 91' lang='lat' dir='ltr'>viridi</span> <span class='ocrx_word' id='word_1_76' title='bbox 1079 1681 1174 1739; x_wconf 88' lang='lat' dir='ltr'>veste</span> <span class='ocrx_word' id='word_1_77' title='bbox 1190 1672 1313 1739; x_wconf 88' lang='lat' dir='ltr'>induta</span> <span class='ocrx_word' id='word_1_78' title='bbox 1329 1673 1441 1738; x_wconf 87' lang='lat' dir='ltr'>aureis</span> 
     </span>
     <span class='ocr_line' id='line_1_12' title="bbox 298 1797 1441 1886; baseline 0.002 -23"><span class='ocrx_word' id='word_1_79' title='bbox 298 1799 396 1884; x_wconf 89' lang='lat' dir='ltr'>quasi</span> <span class='ocrx_word' id='word_1_80' title='bbox 415 1797 523 1863; x_wconf 85' lang='lat' dir='ltr'>stellis</span> <span class='ocrx_word' id='word_1_81' title='bbox 542 1798 710 1885; x_wconf 85' lang='lat' dir='ltr'>inspersa,</span> <span class='ocrx_word' id='word_1_82' title='bbox 735 1797 777 1862; x_wconf 91' lang='lat' dir='ltr'>dc</span> <span class='ocrx_word' id='word_1_83' title='bbox 794 1799 944 1863; x_wconf 86' lang='lat' dir='ltr'>canistro</span> <span class='ocrx_word' id='word_1_84' title='bbox 968 1798 1092 1865; x_wconf 91' lang='lat' dir='ltr'>florum</span> <span class='ocrx_word' id='word_1_85' title='bbox 1111 1799 1287 1865; x_wconf 89' lang='lat' dir='ltr'>variorum</span> <span class='ocrx_word' id='word_1_86' title='bbox 1312 1799 1441 1886; x_wconf 87' lang='lat' dir='ltr'>species</span> 
     </span>
     <span class='ocr_line' id='line_1_13' title="bbox 298 1946 472 2010; baseline -0.006 -22"><span class='ocrx_word' id='word_1_87' title='bbox 298 1946 472 2010; x_wconf 83' lang='lat' dir='ltr'>spargens</span> 
     </span>
    </p>

    <p class='ocr_par' dir='ltr' id='par_1_10' title="bbox 430 2048 1436 2115">
     <span class='ocr_line' id='line_1_14' title="bbox 430 2048 1436 2115; baseline 0.002 -2"><span class='ocrx_word' id='word_1_88' title='bbox 430 2050 531 2113; x_wconf 85' lang='lat' dir='ltr'><strong>XIII.</strong></span> <span class='ocrx_word' id='word_1_89' title='bbox 548 2049 590 2114; x_wconf 92' lang='lat' dir='ltr'>In</span> <span class='ocrx_word' id='word_1_90' title='bbox 610 2049 699 2114; x_wconf 89' lang='lat' dir='ltr'>atrio</span> <span class='ocrx_word' id='word_1_91' title='bbox 718 2048 857 2114; x_wconf 82' lang='lat' dir='ltr'>Gloriae</span> <span class='ocrx_word' id='word_1_92' title='bbox 876 2049 931 2115; x_wconf 84' lang='lat' dir='ltr'>vir</span> <span class='ocrx_word' id='word_1_93' title='bbox 950 2049 1070 2114; x_wconf 85' lang='lat' dir='ltr'>sedens</span> <span class='ocrx_word' id='word_1_94' title='bbox 1090 2058 1273 2115; x_wconf 88' lang='lat' dir='ltr'>coronatus</span> <span class='ocrx_word' id='word_1_95' title='bbox 1293 2050 1331 2114; x_wconf 91' lang='lat' dir='ltr'>in</span> <span class='ocrx_word' id='word_1_96' title='bbox 1350 2050 1436 2115; x_wconf 86' lang='lat' dir='ltr'>solio</span> 
     </span>
    </p>
   </div>
   <div class='ocr_carea' id='block_1_3' title="bbox 298 2174 1394 2261">
    <p class='ocr_par' dir='ltr' id='par_1_11' title="bbox 298 2174 1394 2261">
     <span class='ocr_line' id='line_1_15' title="bbox 298 2174 1394 2261; baseline 0.001 -22"><span class='ocrx_word' id='word_1_97' title='bbox 298 2182 332 2239; x_wconf 88' lang='lat' dir='ltr'>ct</span> <span class='ocrx_word' id='word_1_98' title='bbox 351 2198 454 2240; x_wconf 82' lang='lat' dir='ltr'>senex</span> <span class='ocrx_word' id='word_1_99' title='bbox 470 2174 602 2261; x_wconf 81' lang='lat' dir='ltr'>poplite</span> <span class='ocrx_word' id='word_1_100' title='bbox 624 2174 713 2239; x_wconf 86' lang='lat' dir='ltr'>flexo</span> <span class='ocrx_word' id='word_1_101' title='bbox 737 2174 877 2240; x_wconf 76' lang='lat' dir='ltr'>‹lextcra</span> <span class='ocrx_word' id='word_1_102' title='bbox 896 2180 1070 2261; x_wconf 76' lang='lat' dir='ltr'>sceptrum</span> <span class='ocrx_word' id='word_1_103' title='bbox 1089 2174 1183 2240; x_wconf 91' lang='lat' dir='ltr'>illius</span> <span class='ocrx_word' id='word_1_104' title='bbox 1206 2175 1394 2260; x_wconf 85' lang='lat' dir='ltr'>attingens.</span> 
     </span>
    </p>
   </div>
   <div class='ocr_carea' id='block_1_4' title="bbox 235 2299 1439 2388">
    <p class='ocr_par' dir='ltr' id='par_1_12' title="bbox 235 2299 1439 2388">
     <span class='ocr_line' id='line_1_16' title="bbox 235 2299 1439 2388; baseline 0.002 -24"><span class='ocrx_word' id='word_1_105' title='bbox 235 2303 275 2364; x_wconf 75' lang='lat' dir='ltr'>le</span> <span class='ocrx_word' id='word_1_106' title='bbox 431 2301 527 2364; x_wconf 87' lang='lat' dir='ltr'><strong>XIV.</strong></span> <span class='ocrx_word' id='word_1_107' title='bbox 547 2302 589 2363; x_wconf 92' lang='lat' dir='ltr'>In</span> <span class='ocrx_word' id='word_1_108' title='bbox 613 2300 701 2365; x_wconf 82' lang='lat' dir='ltr'>atrio</span> <span class='ocrx_word' id='word_1_109' title='bbox 727 2299 922 2367; x_wconf 82' lang='lat' dir='ltr'>Gnaritatis</span> <span class='ocrx_word' id='word_1_110' title='bbox 950 2323 1054 2365; x_wconf 83' lang='lat' dir='ltr'>senex</span> <span class='ocrx_word' id='word_1_111' title='bbox 1082 2301 1227 2366; x_wconf 85' lang='lat' dir='ltr'>crinitus</span> <span class='ocrx_word' id='word_1_112' title='bbox 1259 2301 1439 2388; x_wconf 86' lang='lat' dir='ltr'>multaque</span> 
     </span>
    </p>
   </div>
   <div class='ocr_carea' id='block_1_5' title="bbox 232 2425 1445 4247">
    <p class='ocr_par' dir='ltr' id='par_1_13' title="bbox 232 2425 1445 4247">
     <span class='ocr_line' id='line_1_17' title="bbox 300 2425 1421 2512; baseline -0.001 -21"><span class='ocrx_word' id='word_1_113' title='bbox 300 2426 406 2492; x_wconf 85' lang='lat' dir='ltr'>barba</span> <span class='ocrx_word' id='word_1_114' title='bbox 425 2449 442 2491; x_wconf 91' lang='lat' dir='ltr'>e</span> <span class='ocrx_word' id='word_1_115' title='bbox 459 2434 574 2491; x_wconf 80' lang='lat' dir='ltr'>mento</span> <span class='ocrx_word' id='word_1_116' title='bbox 593 2426 766 2512; x_wconf 72' lang='lat' dir='ltr'>pendente</span> <span class='ocrx_word' id='word_1_117' title='bbox 789 2425 993 2511; x_wconf 88' lang='lat' dir='ltr'>conspicuus</span> <span class='ocrx_word' id='word_1_118' title='bbox 1011 2426 1100 2490; x_wconf 86' lang='lat' dir='ltr'>libro</span> <span class='ocrx_word' id='word_1_119' title='bbox 1120 2426 1236 2491; x_wconf 84' lang='lat' dir='ltr'>clauso</span> <span class='ocrx_word' id='word_1_120' title='bbox 1255 2426 1421 2492; x_wconf 86' lang='lat' dir='ltr'>edisserit.</span> 
     </span>
     <span class='ocr_line' id='line_1_18' title="bbox 431 2550 1439 2638; baseline 0.001 -22"><span class='ocrx_word' id='word_1_121' title='bbox 431 2551 509 2616; x_wconf 88' lang='lat' dir='ltr'>XV.</span> <span class='ocrx_word' id='word_1_122' title='bbox 529 2552 571 2615; x_wconf 91' lang='lat' dir='ltr'>ln</span> <span class='ocrx_word' id='word_1_123' title='bbox 590 2550 678 2616; x_wconf 88' lang='lat' dir='ltr'>atrio</span> <span class='ocrx_word' id='word_1_124' title='bbox 699 2551 840 2616; x_wconf 83' lang='lat' dir='ltr'>Gratiae</span> <span class='ocrx_word' id='word_1_125' title='bbox 864 2550 999 2638; x_wconf 89' lang='lat' dir='ltr'>puellae</span> <span class='ocrx_word' id='word_1_126' title='bbox 1018 2557 1088 2614; x_wconf 84' lang='lat' dir='ltr'>tres</span> <span class='ocrx_word' id='word_1_127' title='bbox 1107 2550 1359 2638; x_wconf 87' lang='lat' dir='ltr'>pulcherrimae</span> <span class='ocrx_word' id='word_1_128' title='bbox 1384 2575 1439 2617; x_wconf 91' lang='lat' dir='ltr'>co-</span> 
     </span>
     <span class='ocr_line' id='line_1_19' title="bbox 298 2675 1223 2741; baseline -0.001 -1"><span class='ocrx_word' id='word_1_129' title='bbox 298 2676 393 2741; x_wconf 89' lang='lat' dir='ltr'>rollis</span> <span class='ocrx_word' id='word_1_130' title='bbox 416 2683 558 2741; x_wconf 82' lang='lat' dir='ltr'>ornatae</span> <span class='ocrx_word' id='word_1_131' title='bbox 578 2675 736 2740; x_wconf 81' lang='lat' dir='ltr'>choream</span> <span class='ocrx_word' id='word_1_132' title='bbox 756 2676 884 2741; x_wconf 86' lang='lat' dir='ltr'>iunctis</span> <span class='ocrx_word' id='word_1_133' title='bbox 903 2675 1062 2740; x_wconf 89' lang='lat' dir='ltr'>manibus</span> <span class='ocrx_word' id='word_1_134' title='bbox 1080 2676 1223 2740; x_wconf 84' lang='lat' dir='ltr'>ducunt.</span> 
     </span>
     <span class='ocr_line' id='line_1_20' title="bbox 432 2800 1441 2887; baseline 0 -22"><span class='ocrx_word' id='word_1_135' title='bbox 432 2802 529 2868; x_wconf 90' lang='lat' dir='ltr'><strong>XVl.</strong></span> <span class='ocrx_word' id='word_1_136' title='bbox 549 2802 591 2865; x_wconf 88' lang='lat' dir='ltr'>ln</span> <span class='ocrx_word' id='word_1_137' title='bbox 610 2801 699 2867; x_wconf 88' lang='lat' dir='ltr'>atrio</span> <span class='ocrx_word' id='word_1_138' title='bbox 718 2800 936 2866; x_wconf 86' lang='lat' dir='ltr'>Hurnilitatis</span> <span class='ocrx_word' id='word_1_139' title='bbox 960 2823 1046 2887; x_wconf 89' lang='lat' dir='ltr'>puer</span> <span class='ocrx_word' id='word_1_140' title='bbox 1065 2824 1142 2865; x_wconf 89' lang='lat' dir='ltr'>cum</span> <span class='ocrx_word' id='word_1_141' title='bbox 1163 2800 1319 2866; x_wconf 82' lang='lat' dir='ltr'>canicula</span> <span class='ocrx_word' id='word_1_142' title='bbox 1338 2801 1441 2865; x_wconf 88' lang='lat' dir='ltr'>collu-</span> 
     </span>
     <span class='ocr_line' id='line_1_21' title="bbox 232 2928 393 2992; baseline 0 -1"><span class='ocrx_word' id='word_1_143' title='bbox 232 2928 276 2991; x_wconf 76' lang='lat'>‘20</span> <span class='ocrx_word' id='word_1_144' title='bbox 299 2928 393 2992; x_wconf 73' lang='lat' dir='ltr'>dena.</span> 
     </span>
     <span class='ocr_line' id='line_1_22' title="bbox 432 3049 1393 3136; baseline -0.002 -21"><span class='ocrx_word' id='word_1_145' title='bbox 432 3050 547 3117; x_wconf 87' lang='lat' dir='ltr'><strong>XVII.</strong></span> <span class='ocrx_word' id='word_1_146' title='bbox 568 3051 611 3115; x_wconf 91' lang='lat' dir='ltr'>In</span> <span class='ocrx_word' id='word_1_147' title='bbox 629 3050 717 3115; x_wconf 81' lang='lat' dir='ltr'>atrio</span> <span class='ocrx_word' id='word_1_148' title='bbox 737 3050 809 3115; x_wconf 90' lang='lat' dir='ltr'>Ioci</span> <span class='ocrx_word' id='word_1_149' title='bbox 829 3051 1048 3136; x_wconf 88' lang='lat' dir='ltr'>clyronomus</span> <span class='ocrx_word' id='word_1_150' title='bbox 1064 3049 1260 3114; x_wconf 86' lang='lat' dir='ltr'>adolescens</span> <span class='ocrx_word' id='word_1_151' title='bbox 1279 3051 1393 3114; x_wconf 82' lang='lat' dir='ltr'>saltat.</span> 
     </span>
     <span class='ocr_line' id='line_1_23' title="bbox 432 3174 1441 3261; baseline -0.003 -20"><span class='ocrx_word' id='word_1_152' title='bbox 432 3175 566 3241; x_wconf 90' lang='lat' dir='ltr'><strong>XVIII.</strong></span> <span class='ocrx_word' id='word_1_153' title='bbox 586 3175 628 3239; x_wconf 92' lang='lat' dir='ltr'>In</span> <span class='ocrx_word' id='word_1_154' title='bbox 648 3175 737 3239; x_wconf 87' lang='lat' dir='ltr'>atrio</span> <span class='ocrx_word' id='word_1_155' title='bbox 756 3175 945 3240; x_wconf 84' lang='lat' dir='ltr'>Libertatis</span> <span class='ocrx_word' id='word_1_156' title='bbox 962 3177 1083 3261; x_wconf 85' lang='lat' dir='ltr'>virago</span> <span class='ocrx_word' id='word_1_157' title='bbox 1107 3175 1239 3240; x_wconf 87' lang='lat' dir='ltr'>nudato</span> <span class='ocrx_word' id='word_1_158' title='bbox 1255 3174 1369 3261; x_wconf 91' lang='lat' dir='ltr'>capite</span> <span class='ocrx_word' id='word_1_159' title='bbox 1389 3175 1441 3239; x_wconf 94' lang='lat' dir='ltr'>iu-</span> 
     </span>
     <span class='ocr_line' id='line_1_24' title="bbox 299 3299 1441 3388; baseline -0.004 -21"><span class='ocrx_word' id='word_1_160' title='bbox 299 3326 382 3388; x_wconf 87' lang='lat' dir='ltr'>gum</span> <span class='ocrx_word' id='word_1_161' title='bbox 400 3307 496 3366; x_wconf 82' lang='lat' dir='ltr'>tenet</span> <span class='ocrx_word' id='word_1_162' title='bbox 514 3300 577 3366; x_wconf 89' lang='lat' dir='ltr'>sub</span> <span class='ocrx_word' id='word_1_163' title='bbox 592 3300 753 3387; x_wconf 82' lang='lat' dir='ltr'>pedibus,</span> <span class='ocrx_word' id='word_1_164' title='bbox 772 3307 806 3365; x_wconf 86' lang='lat' dir='ltr'>ct</span> <span class='ocrx_word' id='word_1_165' title='bbox 826 3300 992 3388; x_wconf 81' lang='lat' dir='ltr'>scyphum</span> <span class='ocrx_word' id='word_1_166' title='bbox 1008 3308 1213 3387; x_wconf 79' lang='lat' dir='ltr'>argenteum</span> <span class='ocrx_word' id='word_1_167' title='bbox 1232 3299 1441 3383; x_wconf 67' lang='lat' dir='ltr'>indeletam,</span> 
     </span>
     <span class='ocr_line' id='line_1_25' title="bbox 299 3426 708 3494; baseline -0.005 -2"><span class='ocrx_word' id='word_1_168' title='bbox 299 3429 481 3494; x_wconf 85' lang='lat' dir='ltr'>draconem</span> <span class='ocrx_word' id='word_1_169' title='bbox 501 3427 538 3491; x_wconf 92' lang='lat' dir='ltr'>in</span> <span class='ocrx_word' id='word_1_170' title='bbox 558 3426 708 3491; x_wconf 88' lang='lat' dir='ltr'>sinistra.</span> 
     </span>
     <span class='ocr_line' id='line_1_26' title="bbox 233 3550 1443 3638; baseline 0.001 -25"><span class='ocrx_word' id='word_1_171' title='bbox 233 3551 276 3613; x_wconf 68' lang='lat' dir='ltr'>aa</span> <span class='ocrx_word' id='word_1_172' title='bbox 431 3552 533 3618; x_wconf 91' lang='lat' dir='ltr'><strong>XIX.</strong></span> <span class='ocrx_word' id='word_1_173' title='bbox 554 3552 596 3616; x_wconf 91' lang='lat' dir='ltr'>In</span> <span class='ocrx_word' id='word_1_174' title='bbox 615 3551 704 3616; x_wconf 87' lang='lat' dir='ltr'>atrio</span> <span class='ocrx_word' id='word_1_175' title='bbox 728 3550 875 3616; x_wconf 89' lang='lat' dir='ltr'>Militiae</span> <span class='ocrx_word' id='word_1_176' title='bbox 899 3561 1051 3617; x_wconf 88' lang='lat' dir='ltr'>armatus</span> <span class='ocrx_word' id='word_1_177' title='bbox 1075 3558 1191 3638; x_wconf 87' lang='lat' dir='ltr'>portat</span> <span class='ocrx_word' id='word_1_178' title='bbox 1214 3550 1380 3616; x_wconf 83' lang='lat' dir='ltr'>vexillum</span> <span class='ocrx_word' id='word_1_179' title='bbox 1400 3550 1443 3614; x_wconf 89' lang='lat' dir='ltr'>si-</span> 
     </span>
     <span class='ocr_line' id='line_1_27' title="bbox 299 3677 750 3764; baseline -0.009 -20"><span class='ocrx_word' id='word_1_180' title='bbox 299 3680 426 3763; x_wconf 77' lang='lat' dir='ltr'>nistra,</span> <span class='ocrx_word' id='word_1_181' title='bbox 446 3678 602 3764; x_wconf 81' lang='lat' dir='ltr'>gladium</span> <span class='ocrx_word' id='word_1_182' title='bbox 619 3677 750 3743; x_wconf 85' lang='lat' dir='ltr'>dextra.</span> 
     </span>
     <span class='ocr_line' id='line_1_28' title="bbox 433 3801 1445 3888; baseline -0.004 -20"><span class='ocrx_word' id='word_1_183' title='bbox 433 3803 515 3868; x_wconf 91' lang='lat' dir='ltr'>XX.</span> <span class='ocrx_word' id='word_1_184' title='bbox 535 3804 578 3868; x_wconf 89' lang='lat' dir='ltr'>Iu</span> <span class='ocrx_word' id='word_1_185' title='bbox 597 3803 685 3867; x_wconf 89' lang='lat' dir='ltr'>atrio</span> <span class='ocrx_word' id='word_1_186' title='bbox 705 3801 907 3866; x_wconf 84' lang='lat' dir='ltr'>Nobilitatis</span> <span class='ocrx_word' id='word_1_187' title='bbox 927 3802 980 3867; x_wconf 86' lang='lat' dir='ltr'>vir</span> <span class='ocrx_word' id='word_1_188' title='bbox 1005 3825 1108 3888; x_wconf 89' lang='lat' dir='ltr'>supra</span> <span class='ocrx_word' id='word_1_189' title='bbox 1131 3808 1228 3867; x_wconf 83' lang='lat' dir='ltr'>scuto</span> <span class='ocrx_word' id='word_1_190' title='bbox 1242 3801 1382 3865; x_wconf 81' lang='lat' dir='ltr'>innixus</span> <span class='ocrx_word' id='word_1_191' title='bbox 1401 3801 1445 3864; x_wconf 85' lang='lat' dir='ltr'>ad</span> 
     </span>
     <span class='ocr_line' id='line_1_29' title="bbox 300 3926 1276 4016; baseline -0.005 -21"><span class='ocrx_word' id='word_1_192' title='bbox 300 3932 447 4012; x_wconf 82' lang='lat' dir='ltr'>laevam,</span> <span class='ocrx_word' id='word_1_193' title='bbox 466 3935 621 4016; x_wconf 89' lang='lat' dir='ltr'>apertam</span> <span class='ocrx_word' id='word_1_194' title='bbox 641 3926 774 4014; x_wconf 84' lang='lat' dir='ltr'>galeam</span> <span class='ocrx_word' id='word_1_195' title='bbox 795 3927 915 3992; x_wconf 72' lang='lat' dir='ltr'>(le-xtra</span> <span class='ocrx_word' id='word_1_196' title='bbox 934 3928 1107 3992; x_wconf 86' lang='lat' dir='ltr'>sublatam</span> <span class='ocrx_word' id='word_1_197' title='bbox 1126 3935 1276 4013; x_wconf 80' lang='lat' dir='ltr'>gestans</span> 
     </span>
     <span class='ocr_line' id='line_1_30' title="bbox 423 4051 1444 4138; baseline -0.006 -17"><span class='ocrx_word' id='word_1_198' title='bbox 423 4056 525 4121; x_wconf 91' lang='lat' dir='ltr'><strong>XXI.</strong></span> <span class='ocrx_word' id='word_1_199' title='bbox 546 4055 588 4118; x_wconf 90' lang='lat' dir='ltr'>In</span> <span class='ocrx_word' id='word_1_200' title='bbox 604 4053 692 4119; x_wconf 86' lang='lat' dir='ltr'>atrio</span> <span class='ocrx_word' id='word_1_201' title='bbox 710 4054 895 4119; x_wconf 88' lang='lat' dir='ltr'>Potestatis</span> <span class='ocrx_word' id='word_1_202' title='bbox 913 4075 972 4118; x_wconf 78' lang='lat' dir='ltr'>rex</span> <span class='ocrx_word' id='word_1_203' title='bbox 984 4060 1155 4138; x_wconf 84' lang='lat' dir='ltr'>sceptrum</span> <span class='ocrx_word' id='word_1_204' title='bbox 1170 4052 1303 4134; x_wconf 81' lang='lat' dir='ltr'>dextra,</span> <span class='ocrx_word' id='word_1_205' title='bbox 1317 4051 1444 4116; x_wconf 87' lang='lat' dir='ltr'>librum</span> 
     </span>
     <span class='ocr_line' id='line_1_31' title="bbox 236 4176 602 4247; baseline -0.011 0"><span class='ocrx_word' id='word_1_206' title='bbox 236 4176 279 4237; x_wconf 79' lang='lat'>30</span> <span class='ocrx_word' id='word_1_207' title='bbox 302 4182 442 4247; x_wconf 84' lang='lat' dir='ltr'>sinistra</span> <span class='ocrx_word' id='word_1_208' title='bbox 461 4180 602 4245; x_wconf 89' lang='lat' dir='ltr'>habens.</span> 
     </span>
    </p>
   </div>
   <div class='ocr_carea' id='block_1_6' title="bbox 302 4360 1446 4498">
    <p class='ocr_par' dir='ltr' id='par_1_14' title="bbox 302 4360 1446 4498">
     <span class='ocr_line' id='line_1_32' title="bbox 394 4360 1446 4425; baseline -0.005 -11"><span class='ocrx_word' id='word_1_209' title='bbox 394 4367 409 4414; x_wconf 74' lang='lat'>‘1</span> <span class='ocrx_word' id='word_1_210' title='bbox 425 4365 482 4413; x_wconf 71' lang='lat'>028</span> <span class='ocrx_word' id='word_1_211' title='bbox 498 4365 590 4413; x_wconf 87' lang='lat' dir='ltr'>levam</span> <span class='ocrx_word' id='word_1_212' title='bbox 654 4363 710 4422; x_wconf 74' lang='lat' dir='ltr'>Sf.</span> <span class='ocrx_word' id='word_1_213' title='bbox 726 4362 937 4425; x_wconf 78' lang='lat' dir='ltr'>lrarpagonom&#39;?</span> <span class='ocrx_word' id='word_1_214' title='bbox 949 4378 992 4409; x_wconf 82' lang='lat' dir='ltr'>rna</span> <span class='ocrx_word' id='word_1_215' title='bbox 1007 4362 1041 4425; x_wconf 77' lang='lat' dir='ltr'>rs.</span> <span class='ocrx_word' id='word_1_216' title='bbox 1059 4361 1117 4409; x_wconf 80' lang='lat' dir='ltr'>Lib.</span> <span class='ocrx_word' id='word_1_217' title='bbox 1134 4360 1165 4409; x_wconf 91' lang='lat' dir='ltr'>II</span> <span class='ocrx_word' id='word_1_218' title='bbox 1179 4377 1199 4408; x_wconf 88' lang='lat' dir='ltr'>c.</span> <span class='ocrx_word' id='word_1_219' title='bbox 1215 4360 1243 4408; x_wconf 89' lang='lat' dir='ltr'><strong>X</strong></span> <span class='ocrx_word' id='word_1_220' title='bbox 1303 4360 1333 4408; x_wconf 81' lang='lat'>21</span> <span class='ocrx_word' id='word_1_221' title='bbox 1345 4360 1372 4423; x_wconf 79' lang='lat' dir='ltr'><strong>f.</strong></span> <span class='ocrx_word' id='word_1_222' title='bbox 1392 4360 1446 4409; x_wconf 85' lang='lat' dir='ltr'>olc-</span> 
     </span>
     <span class='ocr_line' id='line_1_33' title="bbox 302 4446 457 4498; baseline -0.013 -1"><span class='ocrx_word' id='word_1_223' title='bbox 302 4446 457 4498; x_wconf 80' lang='lat' dir='ltr'>runcinus?</span> 
     </span>
    </p>
   </div>
   <div class='ocr_carea' id='block_1_7' title="bbox 0 0 1700 5122">
    <p class='ocr_par' dir='ltr' id='par_1_15' title="bbox 0 0 1700 5122">
     <span class='ocr_line' id='line_1_34' title="bbox 0 0 1700 5122; baseline 0 0"><span class='ocrx_word' id='word_1_224' title='bbox 0 0 1700 5122; x_wconf 95' lang='lat' dir='ltr'> </span> 
     </span>
    </p>
   </div>
  </div>
 </body>
</html>
