3390 5122
556 409 600 454 nn
620 411 862 458 conrosrrronn
884 414 1067 477 mianum,
1080 413 1110 464 ⁴1.
1346 401 1403 460 157

261 567 446 646 reportent.
466 563 667 632 Tenendum
686 568 790 633 etiarn
814 576 854 634 ut
872 592 1035 634 numerus
1064 570 1262 656 vigenarius
1278 578 1314 635 et
1333 593 1405 636 sex-

262 683 422 751 denarius
437 688 624 755 biformata
643 691 794 778 imagine
813 693 984 760 sufficiens
1008 717 1080 760 esse
1103 695 1213 781 possit
1232 696 1405 762 nihilomi-

261 832 342 892 nus;
362 813 461 898 atqui
481 814 581 880 nobis
598 816 647 881 sic
666 817 793 883 atrium
817 817 1014 905 implevisse
1032 842 1096 906 pro
1115 820 1306 885 innumeris
1327 820 1403 886 aliis

259 935 391 1023 placuit
421 940 671 1007 emolumentis.
702 943 903 1009 Tenendum
934 951 973 1009 ut
999 944 1168 1031 imagines
1191 945 1403 1032 imaginibus

216 1063 237 1126 5
261 1062 304 1127 ad
324 1062 560 1131 confusionem
579 1066 778 1133 evitandam
796 1075 1076 1135 concatenentur.

694 1391 847 1457 CAPVT
882 1393 978 1458 VIII.

693 1536 727 1576 Do
739 1537 820 1576 orrssne
830 1536 966 1587 specierum.

345 1740 415 1807 Ubi
434 1742 508 1807 loca
528 1743 724 1807 commrmia
743 1742 809 1808 tibi
837 1743 980 1809 definita
1008 1744 1140 1810 fuerint
1166 1753 1269 1832 atque
1293 1750 1398 1832 parti-

256 1866 385 1931 cularia
415 1889 493 1932 cum
521 1867 739 1932 substantiva
770 1876 843 1934 tum
875 1869 1046 1935 adiectiva
1076 1872 1311 1957 receptacula,
1343 1875 1398 1939 vel

193 1996 233 2057 10
256 1991 374 2056 eodem
398 1992 451 2055 vel
471 1992 538 2057 alio
564 1991 684 2058 ordine
706 1991 897 2059 formarum
920 1992 1129 2060 efficientum
1149 1995 1254 2062 series
1273 1997 1399 2062 consti-

255 2121 383 2181 tuetur.
403 2118 537 2183 Harum
556 2117 644 2183 aliae
660 2125 742 2184 sunt
757 2117 965 2203 adiacentes,
984 2118 1198 2205 adcinenteS,
1214 2121 1301 2186 aliae
1318 2144 1398 2188 vero

254 2242 483 2309 concinentes.
515 2243 768 2309 Adcinentibus
803 2243 942 2328 quidem
973 2245 1013 2308 12
1040 2244 1218 2310 sufficiunt
1248 2246 1393 2330 cubilia,

252 2367 513 2434 concinentibus
532 2391 614 2435 vero
632 2369 779 2455 triginta
798 2369 1023 2454 requiruntur
1042 2370 1141 2435 atria.

699 2676 852 2744 GAPVT
882 2679 948 2743 IX.

623 2821 747 2862 Duodecim
760 2823 915 2863 adctnontlnm
925 2822 1018 2864 cubula.

338 3067 583 3133 Adcinentium
597 3067 737 3152 cubilia,
755 3067 815 3133 ubi
825 3066 987 3133 videlicet
1002 3088 1127 3133 sonans
1145 3072 1392 3132 consonantem

249 3195 432 3279 praecedit,
444 3201 525 3259 eunt
540 3195 620 3260 ista:
638 3196 666 3258 1.
683 3193 901 3277 Bacchantis,
918 3194 948 3257 2.
966 3191 1136 3274 Custodia
1155 3193 1185 3256 3.
1205 3191 1389 3275 DelatoriS,

248 3319 278 3382 4.
299 3318 415 3404 Fabri,
435 3321 465 3384 ὅ.
485 3319 635 3403 LusoriS,
647 3320 676 3383 6.
689 3317 824 3402 Musici,
845 3318 873 3382 7.
888 3315 1032 3400 Nautae,
1044 3317 1075 3381 8.
1088 3315 1254 3399 Pastoris,
1274 3318 1304 3381 9.
1324 3317 1390 3382 Re·

247 3444 310 3528 gis,
332 3445 382 3508 10.
404 3444 515 3529 Servi,
542 3445 592 3509 11.
617 3443 786 3529 Tyranni,
818 3444 867 3507 12.
895 3441 1070 3509 Vestiarii.
1096 3440 1250 3517 Quorum
1278 3439 1391 3506 forma

181 3569 226 3631 ‘20
248 3569 331 3634 haec
361 3577 413 3635 est
436 3570 643 3656 quibusdam
667 3567 969 3656 quadrangularis,
994 3564 1202 3653 quibusdam
1221 3586 1302 3630 vero
1325 3587 1389 3652 pro

247 3696 450 3761 necessitate
467 3696 689 3781 diangularis.

339 3919 354 3967 5
371 3918 620 3968 concathcnentur
683 3918 714 3966 10
725 3917 751 3980 f.
767 3914 951 3966 efficientium
