3390 5122
316 398 374 456 120
751 412 893 458 manum
914 415 1015 459 nuvsi

313 568 403 634 sicut
422 569 482 633 ubi
501 591 543 633 ex
563 570 701 634 homine
720 575 754 634 et
773 591 887 649 cervo,
908 569 1047 635 homine
1063 574 1098 633 et
1117 590 1204 654 equo
1224 575 1259 633 et
1279 590 1352 651 ave,
1378 589 1455 631 cen-

311 699 428 758 tauros
440 695 558 776 alatos,
568 693 660 759 alata
674 693 839 758 animalia
851 694 1036 759 rationalia
1048 692 1289 779 confingimus,
1299 698 1333 756 et
1349 690 1458 756 consi·

312 819 387 883 mili
399 818 566 885 mixtione
578 841 620 884 ex
631 818 943 884 innumerabilibus
956 819 1095 884 infinita
1107 841 1290 907 possumus
1303 816 1457 898 educere,

311 943 461 1031 amplius
475 965 578 1028 quam
595 966 637 1010 ex
649 944 840 1011 numeratis
853 944 1032 1010 elementis
1051 945 1240 1010 multarum
1256 943 1457 1029 linguarum

268 1065 289 1127 5
312 1068 480 1134 dictiones
492 1069 749 1135 combinatione
760 1076 795 1134 et
807 1070 903 1135 varia
920 1069 1177 1136 coordinatione
1192 1074 1455 1155 componuntur.

743 1409 896 1474 OAPVT
932 1410 1029 1474 XIV.

737 1558 771 1596 Dc
785 1557 891 1596 effectore
909 1557 1040 1605 imaginum.

399 1771 452 1834 Ex
475 1770 567 1834 hisce
591 1768 813 1835 manifestum
837 1779 888 1835 est
911 1770 1104 1856 potentiam
1135 1772 1238 1836 istam
1261 1771 1455 1856 imaginum

310 1921 382 1964 esse
405 1896 623 1979 effectricem,
641 1896 695 1960 vel
716 1919 784 1980 qua
801 1896 916 1961 anima
933 1896 1125 1982 imaginum
1144 1904 1195 1962 est
1215 1896 1381 1962 effectrix.
1398 1896 1454 1962 Ad
1507 1921 1509 1928 ·

246 2034 288 2096 10
311 2024 406 2089 cuius
430 2022 479 2086 rei
503 2020 718 2108 propositum
739 2021 876 2106 Synesii
900 2021 1072 2086 Platonici
1093 2021 1301 2087 sententiam
1327 2021 1363 2086 in
1387 2045 1454 2087 mc-

310 2148 406 2213 dium
440 2146 636 2229 afferamUS,
662 2146 721 2231 qui
749 2145 791 2210 de
818 2152 989 2233 potestate
1013 2147 1225 2232 phantasiae³
1243 2147 1455 2234 spiritusque

308 2271 519 2360 phantastici
542 2271 593 2336 ita
621 2270 771 2336 disserit:
793 2271 830 2336 in
856 2271 981 2358 vigilia
1004 2271 1124 2337 doctor
1148 2282 1200 2337 est
1224 2272 1342 2357 horn0,
1368 2296 1454 2339 sorn-

308 2397 463 2463 niantem
486 2407 567 2462 vem
592 2397 686 2461 Deus
709 2397 783 2483 ipse
803 2397 855 2462 sui
874 2396 1081 2483 participem
1103 2400 1106 2482 l
1127 2398 1226 2483 facit,
1249 2397 1341 2482 quod
1365 2422 1456 2464 assu-
1482 2399 1554 2463 26

309 2524 435 2589 mimus
459 2524 502 2589 ad
525 2523 619 2589 vitae
641 2523 881 2608 phantasticae
905 2523 1148 2588 asservandam
1173 2523 1391 2609 dignitatem.
1417 2523 1454 2589 Si

244 2655 286 2720 15
310 2650 402 2715 enim
430 2650 544 2736 ipsum
572 2649 683 2714 Deum
713 2671 774 2735 per
802 2671 837 2714 se
865 2648 1035 2735 inspicere
1063 2648 1191 2714 donum
1220 2649 1360 2713 beatum
1389 2656 1453 2733 est,

309 2774 474 2840 nimirum
492 2796 553 2860 per
567 2773 789 2860 phantasiam
807 2773 983 2860 percipere
1000 2773 1211 2858 antiquioris
1227 2773 1455 2860 propriaeque

307 2899 534 2986 inspectionis
564 2906 616 2964 est
645 2922 789 2980 munus3
813 2898 897 2964 haec
926 2899 1019 2964 enirn
1049 2921 1167 2963 sensus
1196 2907 1248 2963 est
1278 2921 1453 2983 sensuum,

308 3027 471 3110 qnoniam
495 3023 734 3112 phantasticus
751 3025 823 3110 ipse
842 3024 985 3111 spiritus
1009 3024 1200 3090 sensorium
1224 3032 1275 3089 est
1301 3047 1452 3090 commu·

308 3150 489 3216 nissimum
518 3151 736 3237 primumque
760 3150 895 3214 animae
919 3172 1058 3235 corpus,
1083 3158 1118 3214 et
1145 3150 1209 3214 hoc
1239 3150 1378 3234 quidem
1403 3151 1450 3215 la·

242 3279 286 3342 20
309 3283 359 3341 tet
376 3277 518 3362 agitque
537 3276 649 3359 intus,
675 3275 898 3362 praecipuum
920 3275 1079 3340 animalis
1103 3275 1208 3339 habet
1229 3284 1263 3339 et
1279 3275 1375 3340 velut
1398 3300 1450 3340 ar-

308 3425 380 3467 cem
400 3401 503 3486 (circa
526 3402 619 3467 enim
643 3402 839 3467 universam
859 3401 973 3488 ipsum
991 3400 1115 3487 capitis
1132 3399 1301 3465 fabricam
1326 3408 1451 3466 natura

308 3526 527 3612 construxit),
552 3527 690 3592 auditus
715 3532 830 3592 autem
854 3534 888 3591 ot
911 3526 1006 3591 visus
1030 3547 1100 3590 uon
1128 3533 1209 3590 sunt
1234 3549 1363 3608 sensus,
1390 3527 1449 3592 sed

307 3674 425 3717 sensus
438 3651 667 3717 instrumenta
680 3650 854 3716 communi
867 3649 1148 3715 administrantia
1160 3651 1288 3733 sensui,
1303 3657 1337 3714 et
1350 3652 1449 3735 quasi

308 3777 447 3861 quidam
472 3777 630 3842 animalis
648 3776 813 3841 ianitores
829 3783 863 3840 ct
880 3775 1014 3841 ostiarii
1028 3776 1218 3841 forinsecus
1235 3778 1449 3843 occiurentia

241 3910 283 3974 Ξῖ)
307 3903 483 3968 sensibilia
507 3902 646 3989 (quibus
670 3903 853 3988 pulsantur
876 3908 1017 3966 externa
1047 3901 1210 3982 sensoria)
1234 3901 1373 3967 domino
1397 3904 1449 3967 in-

307 4027 468 4093 dicantes
492 4029 641 4094 intimus
670 4027 801 4092 interea
830 4050 948 4092 sensus
977 4027 1013 4091 in
1037 4027 1171 4091 cunctis
1195 4027 1266 4093 suis
1289 4029 1447 4114 partibus

306 4161 358 4218 est
381 4153 530 4239 integer;
558 4160 630 4218 toto
659 4176 807 4237 namque
835 4152 959 4239 spiritu
984 4152 1093 4236 audit,
1119 4161 1191 4218 toto
1219 4152 1326 4233 videt,
1358 4154 1448 4218 unde

307 4280 383 4344 aliis
412 4279 480 4344 alia
508 4279 701 4364 distribuit,
727 4286 761 4343 et
789 4279 888 4364 quasi
917 4303 936 4343 a
965 4285 1082 4343 centro
1112 4278 1155 4342 ad
1183 4278 1447 4364 amplitudinem

398 4457 428 4506 ‘25
444 4456 613 4507 sensilibilia
