3390 5122
390 436 528 480 rounam
552 436 651 480 savin
675 437 718 479 na
739 436 980 480 comosiriorn
1003 435 1182 497 maciuvu,
1205 436 1250 479 ιιι.
1332 422 1392 478 279

337 605 352 649 ἰ
382 592 598 656 Cnanrnours
623 592 874 656 adolescentem
903 613 1055 678 purpura
1094 591 1267 674 indutum,
1303 614 1390 675 qirae

248 718 357 803 nigris
377 719 572 804 aspergitur
595 717 747 782 maculis.

336 856 352 901 l
380 843 525 908 Cruaorn
550 843 718 908 seniorem
743 843 957 928 equitantem
980 843 1110 928 piscem
1139 842 1212 908 eius
1239 841 1390 907 nominis

247 991 349 1055 super
368 968 492 1052 undae,
512 976 547 1033 et
565 969 700 1054 virgam
720 968 955 1034 divinatorem
972 967 1165 1032 habentem.

202 1097 223 1160 b
338 1105 354 1151 ι
381 1094 573 1158 Oenomaus
598 1093 707 1158 Cirois
727 1093 913 1179 imaginem
933 1093 970 1158 in
990 1115 1091 1158 curru
1116 1091 1226 1159 ferreo
1246 1092 1389 1179 scyllam

247 1242 346 1284 avem
363 1219 620 1284 eviscerantem.

335 1358 352 1403 l
377 1345 596 1410 Daaoourms
621 1344 780 1410 draconis
800 1354 904 1432 caput
927 1344 1116 1410 abscissum
1140 1343 1324 1410 habentem
1353 1344 1389 1409 in

250 1473 392 1539 sinistra
408 1481 442 1537 et
460 1494 631 1558 gemmam
651 1472 688 1537 in
708 1472 836 1536 dextra.

339 1613 355 1659 u
384 1600 558 1663 Erasmus
590 1597 725 1684 puellae
746 1597 841 1662 silice
873 1598 980 1683 capiti
1006 1598 1184 1684 supposito
1204 1598 1390 1664 dormienti

183 1733 225 1796 10
250 1723 458 1789 Mercurium
478 1722 673 1788 adstantem
690 1721 745 1786 vel
764 1721 972 1808 Apollinem.
993 1722 1113 1788 Colore
1134 1722 1226 1788 inter
1245 1722 1391 1787 viridem

247 1856 282 1914 et
299 1849 415 1915 album
434 1849 581 1914 tinctam
601 1848 705 1913 habet
725 1854 864 1912 vestem.

336 1989 353 2034 ι
382 1974 595 2038 Gsnscrrras
619 1973 797 2038 mulierem
817 1973 1019 2054 lactentem,
1044 1973 1132 2039 albis
1148 1973 1302 2039 vestibus
1322 1996 1391 2039 om·

247 2102 330 2166 nino
349 2108 384 2166 et
403 2100 527 2165 albam.
558 2099 736 2163 Gssrnsua
765 2099 942 2164 mulierem
971 2105 1221 2185 praegnantem
1246 2099 1389 2165 floribus

246 2232 452 2290 coronatam.

181 2356 222 2419 15
334 2363 351 2423 ᾗ
378 2349 621 2414 Gnossosaras
646 2349 871 2414 Philomelam
892 2372 978 2436 quae
998 2349 1147 2416 Dianam
1171 2350 1272 2436 fugit.

336 2488 353 2534 u
381 2474 565 2541 Gonooura
590 2475 752 2539 Perseum
784 2474 922 2541 obiectu
949 2475 1073 2563 capitis
1102 2475 1277 2541 Medusaei
1295 2477 1388 2543 viros

246 2601 282 2665 in
303 2623 384 2666 saxa
403 2605 702 2666 transmutantem.

335 2740 352 2786 ι
376 2727 638 2792 Hamoraorrvn
657 2749 801 2814 puerum
819 2728 939 2794 rubros
949 2728 1132 2793 habentem
1149 2704 1300 2815 capillos
1311 2728 1388 2793 sub

246 2852 357 2917 viride
377 2852 532 2938 syndone
557 2852 661 2917 solem
681 2852 948 2939 adspectantem.
969 2852 1068 2918 Circa
1087 2852 1185 2918 illum
1205 2853 1322 2919 nubes

178 2982 223 3043 20
334 2992 351 3037 ι
378 2978 613 3043 Harussrmss
637 2977 818 3043 candidam
834 2978 985 3065 puellam
1005 2978 1105 3064 nigro
1125 2978 1265 3058 amictu,
1284 3002 1387 3044 aureo

244 3110 442 3169 coronatam
460 3104 570 3190 cyclo,
589 3127 677 3189 aqua
697 3104 870 3170 flammam
888 3104 980 3190 ignis
999 3105 1258 3190 extinguentem
1273 3104 1388 3169 dexte-

245 3251 296 3312 ra,
315 3229 456 3294 sinistra
476 3253 556 3296 vero
576 3231 752 3316 speculum
772 3236 975 3315 gestantem.

333 3367 348 3411 ι.
377 3354 605 3419 Haunomras
622 3376 739 3419 crocea
753 3354 913 3419 imlutum
925 3362 1020 3420 veste
1032 3355 1095 3421 sub
1108 3356 1205 3420 lauro
1218 3354 1387 3420 dormien-

244 3488 313 3544 tem
329 3480 447 3544 arietis
467 3502 594 3545 cornua
611 3480 795 3545 habentem
814 3483 983 3546 iuvenem.

177 3613 219 3674 ‘25
333 3619 347 3660 t·
378 3606 507 3670 Hraum
532 3606 689 3671 iuvenem
720 3607 856 3692 virgam
885 3608 922 3671 in
951 3607 1091 3672 dextera
1122 3606 1319 3693 habentem,
1351 3618 1385 3673 et

245 3732 381 3796 oculum
402 3733 532 3798 bestiae
552 3734 603 3798 ori
619 3732 861 3820 applicantem.
884 3733 995 3820 Super
1018 3741 1122 3821 caput
1141 3733 1234 3799 illius
1258 3734 1385 3799 insidet

243 3878 373 3921 corvus

333 3995 349 4037 ι
375 3981 514 4048 ersms
534 3983 721 4049 foeminam
746 4008 833 4070 quae
858 3985 985 4068 adolet,
999 3986 1042 4051 ad
1058 3987 1154 4052 cuius
1170 3987 1303 4053 fumum
1319 3987 1387 4054 for-

244 4129 318 4171 mae
337 4107 524 4173 adcurrunt
540 4109 738 4174 bestiarum.

336 4487 348 4534 l
369 4500 495 4550 purpura
558 4487 573 4534 5
590 4486 690 4555 circis]
703 4490 737 4552 ιγ’.
749 4506 780 4552 p.
793 4490 861 4550 248,
876 4491 909 4537 18
