3390 5122
221 470 281 529 370
662 474 801 526 mamm
823 479 924 525 aavrr

221 641 281 706 alii
312 661 393 706 vero
423 661 592 726 asperam,
618 636 758 723 quidam
791 637 933 722 claram,
964 635 1106 723 quidam
1136 653 1219 704 vero
1248 635 1384 702 rudem

221 766 359 832 habent.
380 764 477 830 Siout
497 771 614 830 autem
634 769 775 829 nonest
795 762 902 830 dictio
926 784 1015 849 quae
1034 758 1163 828 alieubi
1181 762 1278 828 bona
1304 783 1386 828 non

222 892 281 976 sit,
300 891 350 956 ita
369 913 480 976 neque
503 912 572 956 vox
595 889 740 977 quaein
764 887 912 973 quodam
930 910 1057 974 genere
1080 888 1137 953 vol
1160 885 1383 973 quibusdam

222 1038 292 1082 non
312 1016 357 1081 sit
376 1015 645 1099 accommodata,
667 1036 834 1100 quaeque,
856 1014 887 1079 si
906 1019 998 1078 recte
1016 1017 1243 1100 temperetur,
1263 1011 1384 1078 omni-

179 1138 199 1200 5
224 1140 288 1207 bus
307 1141 494 1228 propositis
523 1138 683 1227 adaptari
702 1145 861 1224 nequeat.
890 1138 968 1205 Vox
991 1137 1119 1204 etenim
1144 1136 1322 1204 submissa
1342 1145 1383 1203 et

223 1267 338 1332 minus
368 1266 462 1332 clara
484 1266 632 1352 requirit
661 1272 701 1331 ut
720 1270 854 1330 mature
882 1269 1064 1347 tractetur,
1088 1285 1156 1330 vox
1181 1261 1265 1329 huic
1295 1285 1384 1329 con-

223 1389 344 1474 traria,
365 1413 467 1477 quam
482 1390 666 1457 candidam
681 1396 716 1455 et
732 1391 859 1455 claram
876 1390 1062 1478 appellant,
1079 1411 1143 1477 pro
1155 1408 1218 1455 sua
1233 1389 1383 1454 ratione

224 1517 292 1582 alio
311 1516 450 1603 spiritu,
471 1517 540 1582 alio
559 1516 660 1582 vultu
680 1522 714 1581 et
733 1515 811 1581 aliis
835 1514 1082 1605 inflexionibus
1105 1514 1247 1600 regitur.
1270 1512 1382 1578 Simi-

224 1641 305 1706 liter
320 1642 359 1705 in
380 1641 384 1729 Ι
406 1641 483 1707 aliis
502 1641 596 1708 vocis
615 1641 800 1727 generibus
819 1650 872 1707 est
888 1630 1176 1706 considerandum
1196 1638 1381 1725 quomodo
1409 1635 1520 1700 881⁴

160 1768 203 1832 10
226 1788 396 1851 quemque
413 1766 517 1832 liceat
536 1765 692 1853 apposite
712 1787 812 1831 suum
831 1765 967 1830 vultum
987 1765 1030 1831 ad
1048 1764 1230 1831 materiam
1248 1785 1384 1852 propo·

225 1890 329 1957 sitam
362 1896 528 1974 tractare,
558 1892 596 1955 in
623 1913 692 1975 qua
722 1890 967 1956 universaliter
996 1889 1146 1956 maxime
1176 1889 1382 1958 cavendum

225 2014 310 2098 erit,
330 2037 374 2079 ne
392 2015 462 2080 vim
478 2014 607 2080 inferre
623 2015 804 2081 videamur
820 2022 854 2081 et
871 2015 970 2102 quasi
986 2015 1098 2082 invito
1114 2013 1218 2102 genio
1235 2012 1383 2100 aliquid

224 2141 348 2206 moliri.
371 2144 376 2227 t
396 2141 446 2208 Ut
462 2140 553 2206 enim
571 2147 686 2206 orator
702 2141 775 2206 sive
791 2141 1004 2207 ecclesiastes
1024 2140 1160 2207 laborat
1179 2147 1214 2206 et
1232 2147 1384 2228 torque·
1409 2145 1520 2210 152⁴

225 2271 294 2348 tur,
315 2265 418 2333 itaet
437 2265 611 2332 auditores
631 2265 749 2332 eodem
769 2266 878 2332 veluti
897 2288 999 2332 sensu
1017 2264 1225 2332 afficiuntur.

160 2390 202 2454 15
316 2389 414 2468 Quod
438 2391 481 2456 ad
500 2391 644 2457 affectus
664 2392 791 2457 attinet
819 2391 1066 2476 immutandos,
1096 2399 1270 2476 quatenus
1288 2412 1382 2460 vooe

224 2521 501 2604 praesententur,
515 2517 568 2582 illi
586 2517 792 2604 respondere
807 2522 953 2603 possunt
971 2516 1066 2582 vocis
1086 2516 1221 2603 speciei.
1243 2517 1382 2585 Huius·

225 2641 317 2707 modi
346 2648 427 2707 sunt
456 2642 521 2725 ira,
549 2642 758 2728 indignatio,
789 2641 1003 2728 dedignatio,
1030 2641 1158 2727 ironia,
1184 2641 1380 2710 admiratio

226 2774 261 2831 et
289 2767 425 2833 similia.
457 2767 525 2832 Hic
556 2766 821 2850 observandum,
853 2790 896 2833 ne
924 2767 1029 2832 nimis
1058 2767 1215 2832 volentos
1246 2788 1379 2836 nervos

226 2892 410 2957 extendere
431 2892 593 2958 chordam
612 2914 828 2980 rumpamus,
849 2893 908 2958 sed
936 2892 1076 2959 modum
1095 2898 1242 2958 naturae
1265 2897 1302 2958 et
1321 2893 1378 2963 fa·

160 3014 204 3078 20
227 3017 367 3083 cultatis
388 3019 475 3084 citra
495 3017 735 3084 difficultatem
765 3024 869 3104 atque
888 3018 1041 3084 laborem
1070 3023 1237 3105 perpetuo
1258 3016 1375 3085 obser·

226 3166 355 3208 venius,
383 3143 539 3209 Affectus
559 3150 687 3229 autem,
719 3143 836 3228 quales
855 3144 893 3208 in
917 3143 1002 3211 alios
1032 3143 1230 3231 imprimere
1253 3164 1378 3230 possu-

226 3290 303 3334 mus
332 3275 365 3334 et
394 3258 673 3349 volu1nus,talcs
703 3269 740 3335 in
765 3268 865 3334 nobis
893 3268 1045 3355 primum
1065 3268 1249 3356 impressos
1277 3276 1377 3357 estse
1403 3275 1520 3339 Ser

227 3400 377 3479 oportet,
409 3394 515 3460 talem
546 3394 638 3458 enim
670 3392 809 3459 odorem
840 3401 998 3460 aromata
1026 3416 1045 3458 a
1070 3417 1105 3460 se
1134 3392 1373 3482 profundunt,

228 3517 364 3602 qualem
383 3519 420 3583 in
449 3542 484 3584 se
508 3519 592 3606 ipsis
621 3517 774 3605 primum
802 3519 1019 3584 retinuerint.
1049 3518 1207 3605 Ignitum
1234 3540 1378 3606 quoque

160 3638 203 3703 25
228 3665 300 3708 esse
321 3650 457 3731 oportet
477 3643 639 3731 spiritum
667 3642 775 3727 illius,
798 3644 856 3728 qui
876 3644 1006 3709 alienos
1036 3643 1151 3729 ignire
1170 3645 1384 3729 contendat3

228 3792 405 3835 accensam
425 3770 517 3835 enim
536 3775 672 3856 oportet
693 3792 764 3834 esse
782 3769 892 3834 facem
917 3792 1034 3851 unam,
1055 3792 1143 3856 quae
1163 3769 1258 3836 mille
1286 3771 1381 3839 alias

227 3895 401 3961 accendat.

318 4021 501 4086 Praeterea
520 4019 563 4085 ad
586 4019 911 4107 pronunciationem
930 4021 1042 4086 tacere
1069 4021 1208 4087 videtur
1236 4027 1382 4092 numeri

229 4146 437 4228 observatio,
451 4146 511 4231 qui
530 4168 693 4211 numerus
714 4145 873 4211 consistit
886 4146 924 4211 in
937 4146 1164 4234 dispositione
1176 4147 1383 4235 verborum,

320 4381 335 4427 6
353 4377 475 4446 matum]
483 4378 561 4440 forse
572 4377 680 4428 modice
695 4394 789 4428 caruero
804 4380 971 4430 moderate?
1033 4383 1048 4430 9
1067 4380 1232 4443 generibus.
1244 4381 1299 4431 Est
1310 4400 1384 4436 con-

229 4461 411 4511 siderandum
428 4461 453 4509 F
514 4463 544 4511 10
554 4462 632 4523 sorec
647 4477 728 4511 suam
744 4461 863 4512 vocem?
925 4462 1181 4528 llquah'2qqu
1245 4462 1276 4511 1ss
1295 4478 1384 4527 pruc-

230 4545 396 4604 sentientur,
411 4541 468 4591 illis
482 4559 495 4591 c
508 4543 618 4609 specics
634 4542 657 4593 G
722 4544 752 4593 17
769 4542 860 4592 irome
874 4543 901 4593 F
