<?xml version="1.0" encoding="UTF-8"?>
<!DOCTYPE html PUBLIC "-//W3C//DTD XHTML 1.0 Transitional//EN"
    "http://www.w3.org/TR/xhtml1/DTD/xhtml1-transitional.dtd">
<html xmlns="http://www.w3.org/1999/xhtml" xml:lang="en" lang="en">
 <head>
  <title>
</title>
<meta http-equiv="Content-Type" content="text/html;charset=utf-8" />
  <meta name='ocr-system' content='tesseract 3.04.00' />
  <meta name='ocr-capabilities' content='ocr_page ocr_carea ocr_par ocr_line ocrx_word'/>
</head>
<body>
  <div class='ocr_page' id='page_1' title='image "./jordanibruninol00brungoog_0110.png"; bbox 0 0 3390 5122; ppageno 0'>
   <div class='ocr_carea' id='block_1_1' title="bbox 528 418 1375 496">
    <p class='ocr_par' dir='ltr' id='par_1_1' title="bbox 528 418 1375 496">
     <span class='ocr_line' id='line_1_1' title="bbox 528 418 1375 496; baseline -0.004 -16"><span class='ocrx_word' id='word_1_1' title='bbox 528 437 573 480; x_wconf 82' lang='grc'><strong>03</strong></span> <span class='ocrx_word' id='word_1_2' title='bbox 594 434 835 480; x_wconf 78' lang='lat' dir='ltr'>coueosirione</span> <span class='ocrx_word' id='word_1_3' title='bbox 858 434 1039 496; x_wconf 73' lang='grc'><strong>1111013101,</strong></span> <span class='ocrx_word' id='word_1_4' title='bbox 1061 435 1081 478; x_wconf 89' lang='grc'>1.</span> <span class='ocrx_word' id='word_1_5' title='bbox 1335 418 1375 478; x_wconf 79' lang='grc'>97</span> 
     </span>
    </p>
   </div>
   <div class='ocr_carea' id='block_1_2' title="bbox 163 590 1434 3173">
    <p class='ocr_par' dir='ltr' id='par_1_2' title="bbox 236 590 1374 678">
     <span class='ocr_line' id='line_1_2' title="bbox 236 590 1374 678; baseline 0.001 -22"><span class='ocrx_word' id='word_1_6' title='bbox 236 591 314 657; x_wconf 90' lang='lat' dir='ltr'>dem</span> <span class='ocrx_word' id='word_1_7' title='bbox 333 591 507 674; x_wconf 80' lang='lat' dir='ltr'><strong>sensitiva,</strong></span> <span class='ocrx_word' id='word_1_8' title='bbox 528 591 675 657; x_wconf 79' lang='lat' dir='ltr'>subinde</span> <span class='ocrx_word' id='word_1_9' title='bbox 693 613 774 656; x_wconf 90' lang='lat' dir='ltr'>vero</span> <span class='ocrx_word' id='word_1_10' title='bbox 794 590 957 657; x_wconf 72' lang='lat' dir='ltr'>rationali</span> <span class='ocrx_word' id='word_1_11' title='bbox 976 591 1061 657; x_wconf 88' lang='lat' dir='ltr'>luce.</span> <span class='ocrx_word' id='word_1_12' title='bbox 1080 591 1149 656; x_wconf 81' lang='lat' dir='ltr'>Hic</span> <span class='ocrx_word' id='word_1_13' title='bbox 1167 591 1374 678; x_wconf 78' lang='lat' dir='ltr'>generaliter</span> 
     </span>
    </p>

    <p class='ocr_par' dir='ltr' id='par_1_3' title="bbox 196 715 1375 1055">
     <span class='ocr_line' id='line_1_3' title="bbox 196 715 1375 803; baseline 0.002 -23"><span class='ocrx_word' id='word_1_14' title='bbox 196 742 199 747; x_wconf 93' lang='lat'>·</span> <span class='ocrx_word' id='word_1_15' title='bbox 235 716 457 802; x_wconf 79' lang='lat' dir='ltr'>loquentibus</span> <span class='ocrx_word' id='word_1_16' title='bbox 487 740 601 782; x_wconf 90' lang='lat' dir='ltr'>rerum</span> <span class='ocrx_word' id='word_1_17' title='bbox 631 723 713 782; x_wconf 89' lang='lat' dir='ltr'>sunt</span> <span class='ocrx_word' id='word_1_18' title='bbox 740 716 910 803; x_wconf 83' lang='lat' dir='ltr'>imagines</span> <span class='ocrx_word' id='word_1_19' title='bbox 930 726 1035 802; x_wconf 85' lang='lat' dir='ltr'>atque</span> <span class='ocrx_word' id='word_1_20' title='bbox 1058 715 1189 802; x_wconf 86' lang='lat' dir='ltr'>figurae</span> <span class='ocrx_word' id='word_1_21' title='bbox 1208 724 1375 803; x_wconf 86' lang='lat' dir='ltr'>tanquam</span> 
     </span>
     <span class='ocr_line' id='line_1_4' title="bbox 235 842 1374 929; baseline 0 -22"><span class='ocrx_word' id='word_1_22' title='bbox 235 843 375 929; x_wconf 90' lang='lat' dir='ltr'>propria</span> <span class='ocrx_word' id='word_1_23' title='bbox 392 843 429 908; x_wconf 88' lang='lat' dir='ltr'>in</span> <span class='ocrx_word' id='word_1_24' title='bbox 443 842 530 925; x_wconf 90' lang='lat' dir='ltr'>sede,</span> <span class='ocrx_word' id='word_1_25' title='bbox 550 843 611 908; x_wconf 88' lang='lat' dir='ltr'>ubi</span> <span class='ocrx_word' id='word_1_26' title='bbox 630 849 823 927; x_wconf 89' lang='lat' dir='ltr'>servantur,</span> <span class='ocrx_word' id='word_1_27' title='bbox 851 842 1060 926; x_wconf 90' lang='lat' dir='ltr'>conduntur,</span> <span class='ocrx_word' id='word_1_28' title='bbox 1080 849 1264 928; x_wconf 86' lang='lat' dir='ltr'>postquam</span> <span class='ocrx_word' id='word_1_29' title='bbox 1288 842 1374 908; x_wconf 86' lang='lat' dir='ltr'>alibi</span> 
     </span>
     <span class='ocr_line' id='line_1_5' title="bbox 234 967 1372 1055; baseline -0.001 -23"><span class='ocrx_word' id='word_1_30' title='bbox 234 967 365 1033; x_wconf 87' lang='lat' dir='ltr'>fuerint</span> <span class='ocrx_word' id='word_1_31' title='bbox 388 975 554 1054; x_wconf 88' lang='lat' dir='ltr'>tanquam</span> <span class='ocrx_word' id='word_1_32' title='bbox 582 992 602 1034; x_wconf 93' lang='lat' dir='ltr'>a</span> <span class='ocrx_word' id='word_1_33' title='bbox 631 967 788 1034; x_wconf 83' lang='lat' dir='ltr'>fontibus</span> <span class='ocrx_word' id='word_1_34' title='bbox 811 967 1000 1054; x_wconf 84' lang='lat' dir='ltr'>productae</span> <span class='ocrx_word' id='word_1_35' title='bbox 1023 975 1127 1054; x_wconf 88' lang='lat' dir='ltr'>atque</span> <span class='ocrx_word' id='word_1_36' title='bbox 1151 976 1372 1055; x_wconf 86' lang='lat' dir='ltr'>propagatae.</span> 
     </span>
    </p>

    <p class='ocr_par' dir='ltr' id='par_1_4' title="bbox 191 1095 1434 1684">
     <span class='ocr_line' id='line_1_6' title="bbox 191 1095 1434 1188; baseline -0.001 -26"><span class='ocrx_word' id='word_1_37' title='bbox 191 1098 211 1162; x_wconf 86' lang='lat'>5</span> <span class='ocrx_word' id='word_1_38' title='bbox 236 1095 387 1172; x_wconf 77' lang='lat' dir='ltr'>Quarum</span> <span class='ocrx_word' id='word_1_39' title='bbox 407 1095 548 1160; x_wconf 89' lang='lat' dir='ltr'>nomina</span> <span class='ocrx_word' id='word_1_40' title='bbox 565 1095 648 1161; x_wconf 89' lang='lat' dir='ltr'>licet</span> <span class='ocrx_word' id='word_1_41' title='bbox 663 1096 768 1182; x_wconf 89' lang='lat' dir='ltr'>vulgo</span> <span class='ocrx_word' id='word_1_42' title='bbox 785 1095 1074 1188; x_wconf 61' lang='lat' dir='ltr'>confundanltur,</span> <span class='ocrx_word' id='word_1_43' title='bbox 1094 1104 1130 1162; x_wconf 92' lang='lat' dir='ltr'>et</span> <span class='ocrx_word' id='word_1_44' title='bbox 1148 1096 1254 1162; x_wconf 89' lang='lat' dir='ltr'>etiam</span> <span class='ocrx_word' id='word_1_45' title='bbox 1270 1097 1376 1162; x_wconf 91' lang='lat' dir='ltr'>inter·</span> <span class='ocrx_word' id='word_1_46' title='bbox 1398 1101 1434 1161; x_wconf 85' lang='lat'>4</span> 
     </span>
     <span class='ocr_line' id='line_1_7' title="bbox 234 1219 1374 1309; baseline 0.001 -23"><span class='ocrx_word' id='word_1_47' title='bbox 234 1220 316 1286; x_wconf 89' lang='lat' dir='ltr'>dum</span> <span class='ocrx_word' id='word_1_48' title='bbox 335 1245 355 1287; x_wconf 94' lang='lat' dir='ltr'>a</span> <span class='ocrx_word' id='word_1_49' title='bbox 374 1219 642 1309; x_wconf 82' lang='lat' dir='ltr'>sapientioribus</span> <span class='ocrx_word' id='word_1_50' title='bbox 657 1220 843 1286; x_wconf 88' lang='lat' dir='ltr'>indiscrete</span> <span class='ocrx_word' id='word_1_51' title='bbox 859 1229 1080 1308; x_wconf 86' lang='lat' dir='ltr'>usurpentur,</span> <span class='ocrx_word' id='word_1_52' title='bbox 1098 1243 1209 1306; x_wconf 90' lang='lat' dir='ltr'>neque</span> <span class='ocrx_word' id='word_1_53' title='bbox 1227 1221 1265 1287; x_wconf 93' lang='lat' dir='ltr'>in</span> <span class='ocrx_word' id='word_1_54' title='bbox 1279 1223 1374 1287; x_wconf 92' lang='lat' dir='ltr'>omni</span> 
     </span>
     <span class='ocr_line' id='line_1_8' title="bbox 233 1346 1375 1434; baseline 0.002 -22"><span class='ocrx_word' id='word_1_55' title='bbox 233 1346 409 1434; x_wconf 87' lang='lat' dir='ltr'>proposito</span> <span class='ocrx_word' id='word_1_56' title='bbox 429 1346 636 1412; x_wconf 88' lang='lat' dir='ltr'>conveniens</span> <span class='ocrx_word' id='word_1_57' title='bbox 649 1346 694 1412; x_wconf 88' lang='lat' dir='ltr'>sit</span> <span class='ocrx_word' id='word_1_58' title='bbox 705 1346 855 1432; x_wconf 84' lang='lat' dir='ltr'>rigorem</span> <span class='ocrx_word' id='word_1_59' title='bbox 873 1347 912 1412; x_wconf 91' lang='lat' dir='ltr'>in</span> <span class='ocrx_word' id='word_1_60' title='bbox 927 1346 1003 1434; x_wconf 92' lang='lat' dir='ltr'>ipsa</span> <span class='ocrx_word' id='word_1_61' title='bbox 1021 1346 1172 1412; x_wconf 81' lang='lat' dir='ltr'>dictione</span> <span class='ocrx_word' id='word_1_62' title='bbox 1191 1347 1375 1414; x_wconf 88' lang='lat' dir='ltr'>constitue-</span> 
     </span>
     <span class='ocr_line' id='line_1_9' title="bbox 233 1471 1374 1559; baseline 0.001 -22"><span class='ocrx_word' id='word_1_63' title='bbox 233 1495 282 1556; x_wconf 91' lang='lat' dir='ltr'>re,</span> <span class='ocrx_word' id='word_1_64' title='bbox 302 1472 362 1537; x_wconf 91' lang='lat' dir='ltr'>ubi</span> <span class='ocrx_word' id='word_1_65' title='bbox 381 1495 494 1537; x_wconf 86' lang='lat' dir='ltr'>rerum</span> <span class='ocrx_word' id='word_1_66' title='bbox 508 1479 600 1537; x_wconf 90' lang='lat' dir='ltr'>certa</span> <span class='ocrx_word' id='word_1_67' title='bbox 614 1479 718 1556; x_wconf 90' lang='lat' dir='ltr'>atque</span> <span class='ocrx_word' id='word_1_68' title='bbox 734 1471 927 1537; x_wconf 87' lang='lat' dir='ltr'>evidentior</span> <span class='ocrx_word' id='word_1_69' title='bbox 945 1479 997 1538; x_wconf 90' lang='lat' dir='ltr'>est</span> <span class='ocrx_word' id='word_1_70' title='bbox 1012 1471 1237 1559; x_wconf 80' lang='lat' dir='ltr'>signifieati03</span> <span class='ocrx_word' id='word_1_71' title='bbox 1256 1479 1374 1539; x_wconf 90' lang='lat' dir='ltr'>tamen</span> 
     </span>
     <span class='ocr_line' id='line_1_10' title="bbox 233 1596 1374 1684; baseline 0.003 -23"><span class='ocrx_word' id='word_1_72' title='bbox 233 1596 574 1684; x_wconf 85' lang='lat' dir='ltr'>inpraesentiarum,</span> <span class='ocrx_word' id='word_1_73' title='bbox 599 1597 691 1682; x_wconf 89' lang='lat' dir='ltr'>quod</span> <span class='ocrx_word' id='word_1_74' title='bbox 713 1604 748 1662; x_wconf 91' lang='lat' dir='ltr'>et</span> <span class='ocrx_word' id='word_1_75' title='bbox 766 1597 805 1662; x_wconf 90' lang='lat' dir='ltr'>in</span> <span class='ocrx_word' id='word_1_76' title='bbox 823 1596 912 1663; x_wconf 90' lang='lat' dir='ltr'>libro</span> <span class='ocrx_word' id='word_1_77' title='bbox 932 1597 988 1661; x_wconf 92' lang='lat' dir='ltr'>De</span> <span class='ocrx_word' id='word_1_78' title='bbox 1006 1597 1163 1663; x_wconf 89' lang='lat' dir='ltr'>umbris</span> <span class='ocrx_word' id='word_1_79' title='bbox 1191 1597 1374 1664; x_wconf 90' lang='lat' dir='ltr'>idearum</span> 
     </span>
    </p>

    <p class='ocr_par' dir='ltr' id='par_1_5' title="bbox 169 1721 1374 2311">
     <span class='ocr_line' id='line_1_11' title="bbox 169 1721 1374 1810; baseline 0.004 -27"><span class='ocrx_word' id='word_1_80' title='bbox 169 1721 211 1784; x_wconf 88' lang='lat'>10</span> <span class='ocrx_word' id='word_1_81' title='bbox 233 1721 390 1805; x_wconf 86' lang='lat' dir='ltr'>fecimus,</span> <span class='ocrx_word' id='word_1_82' title='bbox 410 1744 480 1787; x_wconf 89' lang='lat' dir='ltr'>non</span> <span class='ocrx_word' id='word_1_83' title='bbox 499 1722 628 1787; x_wconf 90' lang='lat' dir='ltr'>iniuria</span> <span class='ocrx_word' id='word_1_84' title='bbox 651 1722 874 1809; x_wconf 90' lang='lat' dir='ltr'>repetendum</span> <span class='ocrx_word' id='word_1_85' title='bbox 891 1722 1047 1788; x_wconf 84' lang='lat' dir='ltr'>ducimus</span> <span class='ocrx_word' id='word_1_86' title='bbox 1071 1745 1161 1806; x_wconf 89' lang='lat' dir='ltr'>esse,</span> <span class='ocrx_word' id='word_1_87' title='bbox 1177 1745 1301 1810; x_wconf 86' lang='lat' dir='ltr'>nempe</span> <span class='ocrx_word' id='word_1_88' title='bbox 1320 1723 1374 1790; x_wconf 90' lang='lat' dir='ltr'>uti</span> 
     </span>
     <span class='ocr_line' id='line_1_12' title="bbox 234 1847 1374 1934; baseline 0.003 -23"><span class='ocrx_word' id='word_1_89' title='bbox 234 1847 487 1934; x_wconf 82' lang='lat' dir='ltr'>distinguamus</span> <span class='ocrx_word' id='word_1_90' title='bbox 507 1847 590 1913; x_wconf 89' lang='lat' dir='ltr'>haec</span> <span class='ocrx_word' id='word_1_91' title='bbox 608 1847 762 1914; x_wconf 89' lang='lat' dir='ltr'>nomina:</span> <span class='ocrx_word' id='word_1_92' title='bbox 792 1849 819 1912; x_wconf 87' lang='lat' dir='ltr'>l.</span> <span class='ocrx_word' id='word_1_93' title='bbox 843 1847 965 1931; x_wconf 90' lang='lat' dir='ltr'>ideam,</span> <span class='ocrx_word' id='word_1_94' title='bbox 985 1849 1015 1912; x_wconf 73' lang='grc'>2.</span> <span class='ocrx_word' id='word_1_95' title='bbox 1034 1847 1230 1934; x_wconf 88' lang='lat' dir='ltr'>vestigium,</span> <span class='ocrx_word' id='word_1_96' title='bbox 1251 1849 1280 1913; x_wconf 91' lang='lat'>3.</span> <span class='ocrx_word' id='word_1_97' title='bbox 1301 1870 1374 1914; x_wconf 90' lang='lat' dir='ltr'>urn-</span> 
     </span>
     <span class='ocr_line' id='line_1_13' title="bbox 233 1972 1374 2059; baseline 0.002 -22"><span class='ocrx_word' id='word_1_98' title='bbox 233 1973 344 2056; x_wconf 82' lang='lat' dir='ltr'>brarn,</span> <span class='ocrx_word' id='word_1_99' title='bbox 362 1974 392 2037; x_wconf 83' lang='lat'>4.</span> <span class='ocrx_word' id='word_1_100' title='bbox 408 1979 537 2055; x_wconf 88' lang='lat' dir='ltr'>notam,</span> <span class='ocrx_word' id='word_1_101' title='bbox 550 1975 580 2036; x_wconf 80' lang='lat' dir='ltr'>b.</span> <span class='ocrx_word' id='word_1_102' title='bbox 594 1972 835 2054; x_wconf 76' lang='lat' dir='ltr'>characterem,</span> <span class='ocrx_word' id='word_1_103' title='bbox 853 1974 882 2036; x_wconf 91' lang='grc'>6.</span> <span class='ocrx_word' id='word_1_104' title='bbox 900 1973 1047 2059; x_wconf 88' lang='lat' dir='ltr'>signum,</span> <span class='ocrx_word' id='word_1_105' title='bbox 1061 1973 1090 2038; x_wconf 79' lang='lat'>7.</span> <span class='ocrx_word' id='word_1_106' title='bbox 1104 1973 1266 2058; x_wconf 87' lang='lat' dir='ltr'>sigillum,</span> <span class='ocrx_word' id='word_1_107' title='bbox 1278 1973 1309 2038; x_wconf 84' lang='lat'>8.</span> <span class='ocrx_word' id='word_1_108' title='bbox 1321 1974 1374 2040; x_wconf 90' lang='lat' dir='ltr'>in·</span> 
     </span>
     <span class='ocr_line' id='line_1_14' title="bbox 233 2097 1373 2187; baseline 0.001 -23"><span class='ocrx_word' id='word_1_109' title='bbox 233 2099 374 2183; x_wconf 89' lang='lat' dir='ltr'>dicium,</span> <span class='ocrx_word' id='word_1_110' title='bbox 395 2101 425 2164; x_wconf 84' lang='lat'>9.</span> <span class='ocrx_word' id='word_1_111' title='bbox 444 2099 606 2186; x_wconf 87' lang='lat' dir='ltr'>figuram,</span> <span class='ocrx_word' id='word_1_112' title='bbox 638 2100 688 2164; x_wconf 90' lang='lat'>10.</span> <span class='ocrx_word' id='word_1_113' title='bbox 720 2097 998 2183; x_wconf 87' lang='lat' dir='ltr'>similitudinem,</span> <span class='ocrx_word' id='word_1_114' title='bbox 1021 2099 1070 2164; x_wconf 86' lang='lat'>11.</span> <span class='ocrx_word' id='word_1_115' title='bbox 1100 2099 1373 2187; x_wconf 88' lang='lat' dir='ltr'>proportionem,</span> 
     </span>
     <span class='ocr_line' id='line_1_15' title="bbox 235 2225 502 2311; baseline -0.004 -21"><span class='ocrx_word' id='word_1_116' title='bbox 235 2227 285 2290; x_wconf 79' lang='grc'>12.</span> <span class='ocrx_word' id='word_1_117' title='bbox 305 2225 502 2311; x_wconf 87' lang='lat' dir='ltr'>imaginem.</span> 
     </span>
    </p>

    <p class='ocr_par' dir='ltr' id='par_1_6' title="bbox 169 2348 1375 2942">
     <span class='ocr_line' id='line_1_16' title="bbox 169 2348 1375 2437; baseline -0.002 -17"><span class='ocrx_word' id='word_1_118' title='bbox 169 2356 210 2420; x_wconf 76' lang='lat'>15</span> <span class='ocrx_word' id='word_1_119' title='bbox 322 2350 437 2416; x_wconf 90' lang='lat' dir='ltr'>Primo</span> <span class='ocrx_word' id='word_1_120' title='bbox 450 2351 543 2415; x_wconf 89' lang='lat' dir='ltr'>enim</span> <span class='ocrx_word' id='word_1_121' title='bbox 555 2350 631 2415; x_wconf 89' lang='lat' dir='ltr'>idea</span> <span class='ocrx_word' id='word_1_122' title='bbox 650 2348 789 2437; x_wconf 88' lang='lat' dir='ltr'>proprie</span> <span class='ocrx_word' id='word_1_123' title='bbox 808 2349 936 2415; x_wconf 88' lang='lat' dir='ltr'>dieitur</span> <span class='ocrx_word' id='word_1_124' title='bbox 952 2349 1064 2415; x_wconf 87' lang='lat' dir='ltr'>forma</span> <span class='ocrx_word' id='word_1_125' title='bbox 1084 2357 1165 2415; x_wconf 89' lang='lat' dir='ltr'>ante</span> <span class='ocrx_word' id='word_1_126' title='bbox 1180 2373 1234 2416; x_wconf 89' lang='lat' dir='ltr'>res</span> <span class='ocrx_word' id='word_1_127' title='bbox 1253 2356 1288 2416; x_wconf 88' lang='lat' dir='ltr'>et</span> <span class='ocrx_word' id='word_1_128' title='bbox 1307 2373 1375 2417; x_wconf 92' lang='lat' dir='ltr'>me·</span> 
     </span>
     <span class='ocr_line' id='line_1_17' title="bbox 232 2476 1373 2565; baseline 0.003 -24"><span class='ocrx_word' id='word_1_129' title='bbox 232 2476 450 2565; x_wconf 84' lang='lat' dir='ltr'>taphysicum</span> <span class='ocrx_word' id='word_1_130' title='bbox 470 2477 649 2563; x_wconf 85' lang='lat' dir='ltr'>quiddam,</span> <span class='ocrx_word' id='word_1_131' title='bbox 669 2500 792 2565; x_wconf 89' lang='lat' dir='ltr'>nempe</span> <span class='ocrx_word' id='word_1_132' title='bbox 811 2477 940 2564; x_wconf 87' lang='lat' dir='ltr'>speeies</span> <span class='ocrx_word' id='word_1_133' title='bbox 959 2476 1035 2564; x_wconf 90' lang='lat' dir='ltr'>ipsa</span> <span class='ocrx_word' id='word_1_134' title='bbox 1055 2476 1175 2543; x_wconf 87' lang='lat' dir='ltr'>mundi</span> <span class='ocrx_word' id='word_1_135' title='bbox 1197 2483 1233 2541; x_wconf 82' lang='lat' dir='ltr'>&#39;et</span> <span class='ocrx_word' id='word_1_136' title='bbox 1256 2499 1373 2544; x_wconf 91' lang='lat' dir='ltr'>eorum</span> 
     </span>
     <span class='ocr_line' id='line_1_18' title="bbox 233 2601 1373 2689; baseline 0.003 -24"><span class='ocrx_word' id='word_1_137' title='bbox 233 2602 377 2687; x_wconf 87' lang='lat' dir='ltr'>quaein</span> <span class='ocrx_word' id='word_1_138' title='bbox 395 2602 523 2668; x_wconf 89' lang='lat' dir='ltr'>mundo</span> <span class='ocrx_word' id='word_1_139' title='bbox 543 2610 624 2668; x_wconf 89' lang='lat' dir='ltr'>sunt</span> <span class='ocrx_word' id='word_1_140' title='bbox 640 2602 996 2689; x_wconf 86' lang='lat' dir='ltr'>supersubstantialis,</span> <span class='ocrx_word' id='word_1_141' title='bbox 1017 2601 1072 2668; x_wconf 89' lang='lat' dir='ltr'>cui</span> <span class='ocrx_word' id='word_1_142' title='bbox 1092 2608 1191 2668; x_wconf 88' lang='lat' dir='ltr'>tanto</span> <span class='ocrx_word' id='word_1_143' title='bbox 1210 2602 1373 2671; x_wconf 82' lang='lat' dir='ltr'>convenit</span> 
     </span>
     <span class='ocr_line' id='line_1_19' title="bbox 233 2727 1371 2815; baseline 0.002 -24"><span class='ocrx_word' id='word_1_144' title='bbox 233 2728 347 2794; x_wconf 84' lang='lat' dir='ltr'>verius</span> <span class='ocrx_word' id='word_1_145' title='bbox 375 2752 447 2794; x_wconf 87' lang='lat' dir='ltr'>esse</span> <span class='ocrx_word' id='word_1_146' title='bbox 471 2751 574 2813; x_wconf 87' lang='lat' dir='ltr'>quam</span> <span class='ocrx_word' id='word_1_147' title='bbox 599 2727 726 2793; x_wconf 90' lang='lat' dir='ltr'>mundo</span> <span class='ocrx_word' id='word_1_148' title='bbox 750 2727 892 2815; x_wconf 86' lang='lat' dir='ltr'>physice</span> <span class='ocrx_word' id='word_1_149' title='bbox 916 2727 1120 2813; x_wconf 89' lang='lat' dir='ltr'>constituto,</span> <span class='ocrx_word' id='word_1_150' title='bbox 1140 2734 1270 2815; x_wconf 88' lang='lat' dir='ltr'>quanto</span> <span class='ocrx_word' id='word_1_151' title='bbox 1293 2727 1371 2795; x_wconf 87' lang='lat' dir='ltr'>istis</span> 
     </span>
     <span class='ocr_line' id='line_1_20' title="bbox 232 2853 1370 2942; baseline 0 -22"><span class='ocrx_word' id='word_1_152' title='bbox 232 2854 449 2921; x_wconf 88' lang='lat' dir='ltr'>naturalibus</span> <span class='ocrx_word' id='word_1_153' title='bbox 469 2863 504 2920; x_wconf 91' lang='lat' dir='ltr'>et</span> <span class='ocrx_word' id='word_1_154' title='bbox 522 2854 662 2920; x_wconf 88' lang='lat' dir='ltr'>realiter</span> <span class='ocrx_word' id='word_1_155' title='bbox 681 2853 920 2939; x_wconf 78' lang='lat' dir='ltr'>existentibus,</span> <span class='ocrx_word' id='word_1_156' title='bbox 941 2853 1084 2941; x_wconf 87' lang='lat' dir='ltr'>physico</span> <span class='ocrx_word' id='word_1_157' title='bbox 1097 2877 1220 2942; x_wconf 88' lang='lat' dir='ltr'>nempe</span> <span class='ocrx_word' id='word_1_158' title='bbox 1232 2854 1370 2939; x_wconf 90' lang='lat' dir='ltr'>munde,</span> 
     </span>
    </p>

    <p class='ocr_par' dir='ltr' id='par_1_7' title="bbox 163 2979 1372 3173">
     <span class='ocr_line' id='line_1_21' title="bbox 163 2979 1372 3066; baseline 0.001 -20"><span class='ocrx_word' id='word_1_159' title='bbox 163 2980 345 3048; x_wconf 70' lang='lat' dir='ltr'>roverius</span> <span class='ocrx_word' id='word_1_160' title='bbox 370 2980 551 3046; x_wconf 83' lang='lat' dir='ltr'>conveniet</span> <span class='ocrx_word' id='word_1_161' title='bbox 574 3003 647 3046; x_wconf 88' lang='lat' dir='ltr'>esse</span> <span class='ocrx_word' id='word_1_162' title='bbox 670 3002 774 3065; x_wconf 91' lang='lat' dir='ltr'>quam</span> <span class='ocrx_word' id='word_1_163' title='bbox 797 2979 917 3045; x_wconf 88' lang='lat' dir='ltr'>mundi</span> <span class='ocrx_word' id='word_1_164' title='bbox 946 2979 1179 3064; x_wconf 88' lang='lat' dir='ltr'>similitudini,</span> <span class='ocrx_word' id='word_1_165' title='bbox 1209 3003 1297 3066; x_wconf 90' lang='lat' dir='ltr'>quae</span> <span class='ocrx_word' id='word_1_166' title='bbox 1321 2981 1372 3047; x_wconf 91' lang='lat' dir='ltr'>in-</span> 
     </span>
     <span class='ocr_line' id='line_1_22' title="bbox 231 3104 1370 3173; baseline 0.001 -2"><span class='ocrx_word' id='word_1_167' title='bbox 231 3107 339 3173; x_wconf 91' lang='lat' dir='ltr'>ternis</span> <span class='ocrx_word' id='word_1_168' title='bbox 358 3107 508 3173; x_wconf 90' lang='lat' dir='ltr'>numeris</span> <span class='ocrx_word' id='word_1_169' title='bbox 528 3107 565 3171; x_wconf 89' lang='lat' dir='ltr'>in</span> <span class='ocrx_word' id='word_1_170' title='bbox 584 3106 739 3172; x_wconf 76' lang='lat' dir='ltr'>sensibus</span> <span class='ocrx_word' id='word_1_171' title='bbox 769 3105 979 3171; x_wconf 88' lang='lat' dir='ltr'>inscribitur.</span> <span class='ocrx_word' id='word_1_172' title='bbox 1001 3104 1098 3171; x_wconf 88' lang='lat' dir='ltr'>Sicut</span> <span class='ocrx_word' id='word_1_173' title='bbox 1121 3106 1213 3171; x_wconf 92' lang='lat' dir='ltr'>enim</span> <span class='ocrx_word' id='word_1_174' title='bbox 1232 3114 1370 3173; x_wconf 89' lang='lat' dir='ltr'>nostrae</span> 
     </span>
    </p>
   </div>
   <div class='ocr_carea' id='block_1_3' title="bbox 230 3232 1470 3324">
    <p class='ocr_par' dir='ltr' id='par_1_8' title="bbox 230 3232 1470 3324">
     <span class='ocr_line' id='line_1_23' title="bbox 230 3232 1470 3324; baseline 0 -25"><span class='ocrx_word' id='word_1_175' title='bbox 230 3234 440 3324; x_wconf 85' lang='lat' dir='ltr'>intentiones</span> <span class='ocrx_word' id='word_1_176' title='bbox 467 3233 598 3307; x_wconf 86' lang='lat' dir='ltr'>habent</span> <span class='ocrx_word' id='word_1_177' title='bbox 626 3233 795 3320; x_wconf 88' lang='lat' dir='ltr'>originem</span> <span class='ocrx_word' id='word_1_178' title='bbox 815 3257 834 3298; x_wconf 88' lang='lat' dir='ltr'>a</span> <span class='ocrx_word' id='word_1_179' title='bbox 857 3232 959 3298; x_wconf 87' lang='lat' dir='ltr'>rebus</span> <span class='ocrx_word' id='word_1_180' title='bbox 985 3232 1215 3316; x_wconf 89' lang='lat' dir='ltr'>naturalibus,</span> <span class='ocrx_word' id='word_1_181' title='bbox 1231 3233 1369 3317; x_wconf 85' lang='lat' dir='ltr'>quibus</span> <span class='ocrx_word' id='word_1_182' title='bbox 1466 3269 1470 3277; x_wconf 87' lang='lat'>·</span> 
     </span>
    </p>
   </div>
   <div class='ocr_carea' id='block_1_4' title="bbox 164 3358 1370 4200">
    <p class='ocr_par' dir='ltr' id='par_1_9' title="bbox 164 3358 1370 4073">
     <span class='ocr_line' id='line_1_24' title="bbox 230 3358 1369 3447; baseline -0.002 -21"><span class='ocrx_word' id='word_1_183' title='bbox 230 3382 300 3427; x_wconf 92' lang='lat' dir='ltr'>non</span> <span class='ocrx_word' id='word_1_184' title='bbox 319 3360 547 3426; x_wconf 83' lang='lat' dir='ltr'>existentibus</span> <span class='ocrx_word' id='word_1_185' title='bbox 566 3366 601 3424; x_wconf 90' lang='lat' dir='ltr'>et</span> <span class='ocrx_word' id='word_1_186' title='bbox 616 3359 709 3447; x_wconf 88' lang='lat' dir='ltr'>ipsae</span> <span class='ocrx_word' id='word_1_187' title='bbox 728 3381 799 3424; x_wconf 91' lang='grc'><strong>11011</strong></span> <span class='ocrx_word' id='word_1_188' title='bbox 819 3365 949 3442; x_wconf 88' lang='lat' dir='ltr'>essent,</span> <span class='ocrx_word' id='word_1_189' title='bbox 966 3358 1063 3424; x_wconf 90' lang='lat' dir='ltr'>velut</span> <span class='ocrx_word' id='word_1_190' title='bbox 1082 3358 1178 3423; x_wconf 87' lang='lat' dir='ltr'>nullo</span> <span class='ocrx_word' id='word_1_191' title='bbox 1198 3359 1369 3424; x_wconf 85' lang='lat' dir='ltr'>existente</span> 
     </span>
     <span class='ocr_line' id='line_1_25' title="bbox 231 3482 1370 3573; baseline -0.004 -21"><span class='ocrx_word' id='word_1_192' title='bbox 231 3508 371 3573; x_wconf 86' lang='lat' dir='ltr'>corpore</span> <span class='ocrx_word' id='word_1_193' title='bbox 400 3484 497 3550; x_wconf 90' lang='lat' dir='ltr'>nulla</span> <span class='ocrx_word' id='word_1_194' title='bbox 520 3491 608 3549; x_wconf 88' lang='lat' dir='ltr'>esset</span> <span class='ocrx_word' id='word_1_195' title='bbox 633 3484 768 3564; x_wconf 84' lang='lat' dir='ltr'>umbre;</span> <span class='ocrx_word' id='word_1_196' title='bbox 792 3483 843 3548; x_wconf 89' lang='lat' dir='ltr'>ita</span> <span class='ocrx_word' id='word_1_197' title='bbox 866 3504 920 3548; x_wconf 90' lang='lat' dir='ltr'>res</span> <span class='ocrx_word' id='word_1_198' title='bbox 943 3482 1039 3569; x_wconf 91' lang='lat' dir='ltr'>ipsae</span> <span class='ocrx_word' id='word_1_199' title='bbox 1063 3483 1252 3566; x_wconf 89' lang='lat' dir='ltr'>naturales,</span> <span class='ocrx_word' id='word_1_200' title='bbox 1272 3505 1370 3549; x_wconf 90' lang='lat' dir='ltr'>mun·</span> 
     </span>
     <span class='ocr_line' id='line_1_26' title="bbox 164 3607 1369 3698; baseline -0.001 -22"><span class='ocrx_word' id='word_1_201' title='bbox 164 3612 207 3677; x_wconf 78' lang='lat'>25</span> <span class='ocrx_word' id='word_1_202' title='bbox 231 3613 293 3678; x_wconf 87' lang='lat' dir='ltr'>dus</span> <span class='ocrx_word' id='word_1_203' title='bbox 312 3634 435 3698; x_wconf 88' lang='lat' dir='ltr'>nempe</span> <span class='ocrx_word' id='word_1_204' title='bbox 454 3610 617 3697; x_wconf 89' lang='lat' dir='ltr'>physicus</span> <span class='ocrx_word' id='word_1_205' title='bbox 635 3630 854 3694; x_wconf 87' lang='lat' dir='ltr'>nequequam</span> <span class='ocrx_word' id='word_1_206' title='bbox 871 3630 943 3674; x_wconf 90' lang='lat' dir='ltr'>esse</span> <span class='ocrx_word' id='word_1_207' title='bbox 960 3615 1091 3695; x_wconf 90' lang='lat' dir='ltr'>posset,</span> <span class='ocrx_word' id='word_1_208' title='bbox 1112 3609 1141 3674; x_wconf 90' lang='lat' dir='ltr'>si</span> <span class='ocrx_word' id='word_1_209' title='bbox 1160 3607 1369 3696; x_wconf 86' lang='lat' dir='ltr'>metaphysi-</span> 
     </span>
     <span class='ocr_line' id='line_1_27' title="bbox 231 3733 1370 3823; baseline -0.002 -20"><span class='ocrx_word' id='word_1_210' title='bbox 231 3761 290 3803; x_wconf 87' lang='lat' dir='ltr'>cus</span> <span class='ocrx_word' id='word_1_211' title='bbox 309 3738 380 3821; x_wconf 92' lang='lat' dir='ltr'>ille,</span> <span class='ocrx_word' id='word_1_212' title='bbox 400 3759 523 3823; x_wconf 90' lang='lat' dir='ltr'>nempe</span> <span class='ocrx_word' id='word_1_213' title='bbox 543 3734 619 3800; x_wconf 87' lang='lat' dir='ltr'>idea</span> <span class='ocrx_word' id='word_1_214' title='bbox 638 3741 781 3821; x_wconf 89' lang='lat' dir='ltr'>portans</span> <span class='ocrx_word' id='word_1_215' title='bbox 801 3734 929 3818; x_wconf 86' lang='lat' dir='ltr'>omnia,</span> <span class='ocrx_word' id='word_1_216' title='bbox 950 3756 991 3798; x_wconf 88' lang='lat' dir='ltr'>ex</span> <span class='ocrx_word' id='word_1_217' title='bbox 1012 3741 1091 3799; x_wconf 92' lang='lat' dir='ltr'>actu</span> <span class='ocrx_word' id='word_1_218' title='bbox 1114 3733 1240 3800; x_wconf 86' lang='lat' dir='ltr'>ment-is</span> <span class='ocrx_word' id='word_1_219' title='bbox 1259 3741 1370 3801; x_wconf 82' lang='grc'><strong>01110-</strong></span> 
     </span>
     <span class='ocr_line' id='line_1_28' title="bbox 230 3859 1368 3948; baseline -0.002 -20"><span class='ocrx_word' id='word_1_220' title='bbox 230 3863 376 3930; x_wconf 85' lang='lat' dir='ltr'>luntatis</span> <span class='ocrx_word' id='word_1_221' title='bbox 392 3862 530 3928; x_wconf 84' lang='lat' dir='ltr'>divinae</span> <span class='ocrx_word' id='word_1_222' title='bbox 548 3885 583 3927; x_wconf 90' lang='lat' dir='ltr'>se</span> <span class='ocrx_word' id='word_1_223' title='bbox 595 3861 706 3948; x_wconf 87' lang='lat' dir='ltr'>ipsam</span> <span class='ocrx_word' id='word_1_224' title='bbox 719 3859 1004 3926; x_wconf 87' lang='lat' dir='ltr'>communicantis</span> <span class='ocrx_word' id='word_1_225' title='bbox 1023 3882 1094 3925; x_wconf 91' lang='lat' dir='ltr'>non</span> <span class='ocrx_word' id='word_1_226' title='bbox 1111 3861 1368 3947; x_wconf 88' lang='lat' dir='ltr'>praeexisteret.</span> 
     </span>
     <span class='ocr_line' id='line_1_29' title="bbox 319 3985 1369 4073; baseline -0.001 -20"><span class='ocrx_word' id='word_1_227' title='bbox 319 3991 402 4054; x_wconf 89' lang='lat' dir='ltr'>Post</span> <span class='ocrx_word' id='word_1_228' title='bbox 414 3988 527 4052; x_wconf 88' lang='lat' dir='ltr'>ideam</span> <span class='ocrx_word' id='word_1_229' title='bbox 540 4009 621 4073; x_wconf 88' lang='lat' dir='ltr'>ergo</span> <span class='ocrx_word' id='word_1_230' title='bbox 638 3986 793 4071; x_wconf 89' lang='lat' dir='ltr'>sequitur</span> <span class='ocrx_word' id='word_1_231' title='bbox 808 3985 956 4050; x_wconf 87' lang='lat' dir='ltr'>mundus</span> <span class='ocrx_word' id='word_1_232' title='bbox 972 3985 1144 4072; x_wconf 73' lang='lat' dir='ltr'>physicus</span> <span class='ocrx_word' id='word_1_233' title='bbox 1160 4008 1262 4071; x_wconf 88' lang='lat' dir='ltr'>quem</span> <span class='ocrx_word' id='word_1_234' title='bbox 1278 3986 1369 4053; x_wconf 88' lang='lat' dir='ltr'>idea-</span> 
     </span>
    </p>

    <p class='ocr_par' dir='ltr' id='par_1_10' title="bbox 230 4110 1369 4200">
     <span class='ocr_line' id='line_1_30' title="bbox 230 4110 1369 4200; baseline -0.002 -20"><span class='ocrx_word' id='word_1_235' title='bbox 230 4138 305 4181; x_wconf 89' lang='lat' dir='ltr'>rum</span> <span class='ocrx_word' id='word_1_236' title='bbox 328 4113 516 4199; x_wconf 80' lang='lat' dir='ltr'>vestigiimr</span> <span class='ocrx_word' id='word_1_237' title='bbox 540 4111 752 4200; x_wconf 87' lang='lat' dir='ltr'>appellamus</span> <span class='ocrx_word' id='word_1_238' title='bbox 787 4133 864 4175; x_wconf 87' lang='lat' dir='ltr'>cum</span> <span class='ocrx_word' id='word_1_239' title='bbox 888 4111 1083 4194; x_wconf 87' lang='lat' dir='ltr'>Zoroastre,</span> <span class='ocrx_word' id='word_1_240' title='bbox 1108 4110 1169 4176; x_wconf 87' lang='lat' dir='ltr'>ubi</span> <span class='ocrx_word' id='word_1_241' title='bbox 1202 4112 1369 4178; x_wconf 87' lang='lat' dir='ltr'>essentiae</span> 
     </span>
    </p>
   </div>
   <div class='ocr_carea' id='block_1_5' title="bbox 163 4235 1061 4322">
    <p class='ocr_par' dir='ltr' id='par_1_11' title="bbox 163 4235 1061 4322">
     <span class='ocr_line' id='line_1_31' title="bbox 163 4235 1061 4322; baseline -0.01 -14"><span class='ocrx_word' id='word_1_242' title='bbox 163 4245 208 4309; x_wconf 86' lang='lat'>30</span> <span class='ocrx_word' id='word_1_243' title='bbox 231 4240 420 4306; x_wconf 87' lang='lat' dir='ltr'>formarum</span> <span class='ocrx_word' id='word_1_244' title='bbox 440 4260 566 4303; x_wconf 89' lang='lat' dir='ltr'>nomen</span> <span class='ocrx_word' id='word_1_245' title='bbox 582 4236 648 4302; x_wconf 90' lang='lat' dir='ltr'>sibi</span> <span class='ocrx_word' id='word_1_246' title='bbox 667 4235 889 4322; x_wconf 88' lang='lat' dir='ltr'>peculiariter</span> <span class='ocrx_word' id='word_1_247' title='bbox 907 4241 1061 4322; x_wconf 87' lang='lat' dir='ltr'>usurpat.</span> 
     </span>
    </p>
   </div>
   <div class='ocr_carea' id='block_1_6' title="bbox 322 4479 1243 4645">
    <p class='ocr_par' dir='ltr' id='par_1_12' title="bbox 322 4479 1243 4645">
     <span class='ocr_line' id='line_1_32' title="bbox 322 4479 1243 4548; baseline -0.005 -14"><span class='ocrx_word' id='word_1_248' title='bbox 322 4486 352 4535; x_wconf 81' lang='lat'>12</span> <span class='ocrx_word' id='word_1_249' title='bbox 369 4485 505 4548; x_wconf 83' lang='lat' dir='ltr'>signuum</span> <span class='ocrx_word' id='word_1_250' title='bbox 568 4482 600 4531; x_wconf 70' lang='lat'>⁶23</span> <span class='ocrx_word' id='word_1_251' title='bbox 616 4496 674 4532; x_wconf 90' lang='grc'><strong>11011</strong></span> <span class='ocrx_word' id='word_1_252' title='bbox 691 4485 796 4540; x_wconf 84' lang='lat' dir='ltr'>essent]</span> <span class='ocrx_word' id='word_1_253' title='bbox 811 4485 850 4532; x_wconf 85' lang='grc'><strong>111“1</strong></span> <span class='ocrx_word' id='word_1_254' title='bbox 862 4485 960 4531; x_wconf 81' lang='lat' dir='ltr'>essent</span> <span class='ocrx_word' id='word_1_255' title='bbox 1022 4480 1054 4532; x_wconf 83' lang='lat'>30</span> <span class='ocrx_word' id='word_1_256' title='bbox 1069 4479 1243 4548; x_wconf 79' lang='lat' dir='ltr'>pecularitor</span> 
     </span>
     <span class='ocr_line' id='line_1_33' title="bbox 361 4592 1208 4645; baseline -0.009 -8"><span class='ocrx_word' id='word_1_257' title='bbox 361 4598 437 4637; x_wconf 75' lang='lat' dir='ltr'>Bnem</span> <span class='ocrx_word' id='word_1_258' title='bbox 454 4596 507 4645; x_wconf 79' lang='lat' dir='ltr'>Opp.</span> <span class='ocrx_word' id='word_1_259' title='bbox 523 4596 564 4634; x_wconf 79' lang='lat' dir='ltr'>lat.</span> <span class='ocrx_word' id='word_1_260' title='bbox 579 4594 612 4644; x_wconf 89' lang='lat'>11,</span> <span class='ocrx_word' id='word_1_261' title='bbox 631 4595 652 4635; x_wconf 79' lang='lat'>³.</span> <span class='ocrx_word' id='word_1_262' title='bbox 1183 4592 1208 4632; x_wconf 81' lang='lat'>13</span> 
     </span>
    </p>
   </div>
   <div class='ocr_carea' id='block_1_7' title="bbox 0 0 1700 5122">
    <p class='ocr_par' dir='ltr' id='par_1_13' title="bbox 0 0 1700 5122">
     <span class='ocr_line' id='line_1_34' title="bbox 0 0 1700 5122; baseline 0 3"><span class='ocrx_word' id='word_1_263' title='bbox 0 0 1700 5122; x_wconf 95' lang='lat' dir='ltr'> </span> 
     </span>
    </p>
   </div>
  </div>
 </body>
</html>
