3390 5122
599 415 642 459 Du
664 414 819 459 LAMPADE
840 416 1040 461 vnun'roulu.

703 1093 881 1159 Manenvn
904 1094 930 1158 Ι.

338 1304 509 1382 Quoniam
532 1308 597 1370 sub
621 1305 736 1370 densis
760 1305 947 1392 spissisque
970 1308 1129 1392 sylvosae
1152 1307 1394 1374 universalita-

247 1428 293 1494 tis
317 1428 481 1517 vepribus
511 1434 612 1516 (quae
640 1429 818 1517 fugacium
846 1430 998 1496 ferarum
1023 1438 1124 1497 antra
1143 1437 1236 1515 sunt)
1262 1434 1392 1499 multae

202 1558 223 1622 5
246 1554 357 1619 latent
376 1555 695 1640 aequivocationes,
721 1555 927 1621 scrutinium
946 1555 1034 1622 illud
1052 1557 1152 1622 nobis
1177 1564 1296 1645 aptare
1316 1580 1386 1624 con·

247 1681 386 1764 sulitur,
407 1680 499 1767 quod
517 1686 609 1746 certe
628 1680 666 1746 111
685 1680 871 1746 discretiva
895 1681 1045 1767 quadarn
1064 1682 1198 1748 ratione
1217 1681 1392 1768 consistit,

249 1829 336 1899 quae
365 1829 458 1872 nunc
488 1805 627 1891 quidem
655 1830 675 1872 a
699 1806 748 1871 rei
772 1807 921 1872 essentia
944 1807 1008 1873 sub
1032 1807 1169 1894 integra
1192 1807 1393 1875 definitione

248 1934 303 1999 vel
323 1933 386 1999 sub
406 1932 479 1998 eius
494 1954 620 2018 genere
638 1932 695 1998 vel
713 1931 777 1997 sub
800 1932 952 1998 eiusdem
976 1931 1184 2016 differentia,
1200 1954 1293 1998 nunc
1311 1956 1393 2000 vero

248 2059 292 2125 ab
312 2058 396 2146 ipsis
416 2080 503 2144 quae
521 2058 618 2123 illam
637 2057 862 2123 circumstant
881 2058 1128 2145 recipientibus
1147 2059 1202 2124 vel
1221 2058 1392 2126 similibus

184 2192 226 2256 10
248 2184 304 2251 vel
333 2183 540 2270 comparatis
565 2181 784 2249 informatur.
808 2184 1051 2271 Multiplioiter
1079 2183 1189 2272 igitur
1207 2207 1269 2272 per
1288 2208 1393 2251 mem·

249 2311 389 2377 brorum
413 2308 708 2394 aequivocationis
736 2309 971 2376 excussionem
1000 2316 1104 2396 atque
1134 2310 1392 2377 distinctionem

249 2434 349 2501 nobis
368 2433 513 2500 latentia
533 2432 684 2499 ferarum
698 2435 873 2521 contingit
885 2434 1115 2523 discooperire
1133 2441 1167 2501 et
1187 2434 1224 2501 111
1234 2441 1392 2523 apertum

250 2559 356 2626 solem
378 2582 536 2647 promere
560 2558 697 2625 cubilia.
719 2559 724 2649 1
745 2561 920 2626 Plurimae
943 2583 1092 2649 namque
1116 2567 1197 2627 sunt
1226 2553 1391 2645 rationes,
1417 2575 1544 2640 281³

251 2685 377 2770 quibus
396 2669 613 2751 discretionis
632 2684 733 2750 hasta
751 2690 1002 2772 pertentantes,
1022 2685 1058 2750 id
1077 2685 1192 2772 ipsum
1210 2685 1302 2771 quod
1319 2686 1394 2772 plu-

186 2815 227 2879 15
251 2811 347 2877 ribus
367 2834 547 2878 commune
566 2811 709 2894 dicitur,
726 2835 771 2877 an
789 2813 863 2878 sola
880 2834 977 2897 voce,
997 2835 1042 2877 an
1061 2810 1180 2877 eadem
1199 2832 1334 2898 quoque
1353 2812 1396 2878 si·

249 2937 474 3024 gnificatione
500 2936 731 3020 diffundatur,
754 2938 1000 3003 examinamus.
1020 2937 1137 3003 Primo
1166 2936 1258 3001 enirn
1287 2937 1396 3002 consi-

251 3062 410 3129 derantes
423 3063 561 3129 illarum
573 3058 698 3149 rerum,
712 3063 753 3127 de
766 3062 892 3149 quibus
911 3084 1037 3128 nomen
1053 3063 1190 3145 dicitur,
1203 3062 1392 3148 contraria,

251 3187 280 3254 si
299 3187 477 3254 videamus
496 3196 531 3254 et
550 3187 619 3253 illis
647 3211 755 3255 unum
775 3210 954 3254 commuue
982 3210 1108 3254 nomen
1130 3210 1201 3253 non
1224 3210 1310 3271 esse,
1330 3187 1394 3254 hoo

251 3314 342 3400 quod
366 3315 558 3401 ponebatur
586 3313 798 3380 iudicabitur
821 3314 1055 3400 aequivocum.
1085 3312 1242 3379 Secundo
1259 3335 1394 3398 eorum,

184 3442 229 3505 20
252 3440 293 3505 tle
313 3440 439 3526 quibus
458 3462 584 3506 nomen
601 3439 742 3522 dicitur,
762 3439 977 3505 considerata
993 3438 1232 3526 dispositione,
1252 3462 1336 3504 uum
1354 3463 1394 3505 ea

252 3568 315 3633 sub
335 3567 453 3633 eodem
468 3567 608 3634 nomine
632 3567 678 3632 sit
701 3566 846 3633 diversa.
865 3565 982 3632 Tertio
1010 3573 1045 3630 et
1073 3565 1192 3631 sinon
1212 3565 1392 3651 ambobus,

252 3693 310 3758 sed
329 3693 429 3759 alteri
450 3716 580 3777 eorum,
600 3692 641 3758 de
657 3691 782 3778 quibus
798 3714 923 3758 nomeu
939 3691 1077 3776 dicitur,
1099 3697 1150 3756 est
1171 3691 1393 3757 contrarium.

252 3819 383 3896 Quarto
407 3819 436 3883 si
465 3841 504 3884 eo
532 3817 625 3904 quod
647 3839 774 3883 nomen
806 3817 1017 3882 contrarium
1041 3815 1216 3902 significat
1241 3816 1395 3882 invenia-

252 3953 310 4011 tur
329 3944 555 4011 contrarietas
570 3942 785 4025 immediata,
806 3964 893 4027 quaa
907 3941 945 4006 in
959 3941 1071 4029 posito
1092 3947 1144 4006 est
1163 3940 1325 4024 mediata,
1338 3942 1394 4007 vel

186 4077 230 4141 25
253 4095 271 4136 e
284 4077 413 4136 contra
425 4069 554 4148 Quinto
567 4068 598 4134 si
610 4068 701 4133 inter
712 4090 820 4133 unum
831 4067 971 4152 eiusque
983 4065 1195 4132 contrarium
1215 4066 1261 4131 sit
1271 4089 1392 4151 unum,

253 4195 343 4261 inter
363 4196 509 4261 alterum
528 4216 609 4260 vero
624 4201 728 4278 atque
748 4192 959 4258 contrarium
976 4191 1084 4278 ipsius
1099 4192 1200 4278 plura
1216 4192 1394 4257 invenian-

345 4389 360 4438 3
377 4389 537 4455 spissisque
554 4390 620 4439 PG:
639 4389 783 4455 spicisquo
799 4389 823 4437 A
888 4387 1011 4439 silvosus
1030 4386 1054 4437 G
1117 4388 1133 4436 11
1149 4388 1393 4438 circuumstuntl’

254 4470 335 4522 2121
351 4470 490 4522 ambobus
503 4469 552 4521 sed
567 4470 663 4535 alteri,
679 4484 776 4521 eorum
789 4470 824 4520 do
840 4468 891 4520 Pu
