3390 5122
577 408 622 451 nn
644 408 802 452 niumm:
824 409 1022 456 vnuaronrn.
1328 398 1367 454 55

223 564 352 630 militer
371 588 389 629 e
408 571 529 629 contra
548 586 618 629 non
647 564 734 628 bono
753 564 813 629 illa
841 564 957 630 omnia
978 566 1166 630 secundum
1193 572 1308 630 actum
1327 564 1369 629 de

224 690 288 755 hoc
307 690 496 755 secundum
515 688 711 776 potentiam
730 696 870 776 accepto
895 691 1085 776 capientur.
1107 690 1369 775 Vigesimuster-

224 817 294 882 tius
313 839 358 880 an
378 815 518 881 habitus
541 814 597 880 vel
621 814 781 879 habitum
800 814 1000 901 significans
1019 815 1175 881 definitio
1191 815 1305 902 posita
1325 816 1372 882 sit

224 942 334 1030 ipsius
353 949 451 1007 actus
467 963 592 1027 genus5
612 940 705 1005 unde
724 941 767 1006 ab
787 963 827 1007 eo
846 947 1012 1024 erratum,
1034 941 1093 1028 qui
1112 940 1202 1005 dixit
1217 941 1371 1026 regimen

181 1067 543 1134 bconvalescentium
572 1089 646 1131 esse
675 1065 897 1149 medicinam,
931 1088 1009 1133 cum
1043 1066 1198 1151 regimen
1227 1088 1297 1131 non
1327 1066 1373 1131 sit

203 1253 207 1260 .
226 1191 417 1258 medicinae
436 1190 751 1278 specior,sedi1)sa
768 1190 948 1256 medicina.
967 1191 1308 1276 Vigeeimusquartus
1327 1214 1372 1256 an

225 1325 340 1385 actum
357 1318 412 1382 vel
427 1315 592 1382 affectum
607 1317 760 1404 positrun
776 1325 829 1383 est
843 1317 952 1404 ipsius
968 1316 1107 1383 habitus
1123 1339 1241 1403 genua,
1259 1317 1313 1382 vel
1327 1318 1371 1383 ab

225 1449 305 1509 actu
325 1443 493 1508 effectuve
512 1441 653 1509 habitus
672 1443 782 1530 ipsius
802 1443 957 1509 definitio
981 1442 1163 1530 desumpta
1182 1449 1235 1507 est
1253 1447 1305 1525 (ut
1328 1442 1372 1507 ab

226 1591 265 1635 eo
285 1569 345 1654 qui
365 1568 455 1634 dixit
471 1568 603 1634 febrem
622 1569 769 1634 actionis
785 1592 858 1634 esse
875 1568 1135 1651 nocumentum,
1158 1591 1235 1633 curn
1254 1575 1371 1632 tamen

164 1701 206 1764 10
228 1694 375 1759 actionis
395 1703 447 1760 est
466 1694 608 1760 effectus
628 1694 770 1779 quidam
788 1693 922 1777 febris);
942 1717 987 1759 an
1007 1701 1042 1759 et
1062 1695 1065 1782 1
1088 1692 1245 1780 potentia
1264 1693 1372 1780 ipsius
1397 1693 1468 1755 45
1481 1693 1527 1754 Ρ

228 1821 367 1886 habitus
391 1828 533 1908 accepta
546 1828 597 1884 cst
609 1843 729 1906 genae,
742 1822 798 1886 vel
811 1821 997 1886 secundum
1018 1821 1114 1886 illam
1128 1828 1179 1886 est
1194 1821 1373 1905 definitur,

227 1952 267 2011 ut
286 1944 315 2011 si
341 1946 419 2031 quis
440 1945 741 2011 mansuetudinem
765 1945 850 2011 velit
869 1969 941 2011 esse
960 1946 1030 2011 irae
1055 1945 1322 2029 continentiam,
1340 1952 1375 2011 et

228 2070 470 2136 fortitudinem
494 2070 588 2137 dicat
607 2070 859 2137 continentiam
876 2071 1010 2136 timoris
1030 2077 1064 2135 et
1083 2070 1331 2136 abstinentiam
1354 2094 1375 2136 a

228 2196 321 2282 fuga.
342 2196 430 2262 Nam
448 2197 542 2262 aliud
558 2203 609 2262 est
626 2196 752 2262 fortem
765 2203 1052 2283 mansuetumque
1071 2220 1160 2280 esse,
1182 2184 1277 2262 aliud
1293 2218 1374 2261 vero

165 2333 205 2396 15
229 2325 481 2406 continentem;
494 2331 693 2390 mansuetus
709 2325 801 2389 enirn
818 2332 870 2389 est
889 2324 949 2409 qui
966 2324 1017 2389 ira
1033 2345 1103 2388 non
1127 2323 1276 2409 capitur,
1298 2345 1376 2388 con-

230 2453 345 2516 tinens
365 2450 425 2535 qui
445 2450 532 2514 iram
552 2474 571 2515 a
592 2473 660 2534 qua
684 2450 819 2537 capitur
844 2449 1055 2536 comprimit,
1078 2450 1180 2515 fortis
1204 2449 1264 2533 qui
1288 2449 1375 2514 iram

229 2576 349 2642 vincit.
369 2575 711 2662 Vigesimusquintns
730 2598 776 2640 an
791 2575 883 2660 quod
902 2577 1057 2660 sequitur
1075 2574 1227 2662 positum
1247 2585 1298 2639 est
1316 2597 1375 2659 ge·

230 2725 309 2784 nuc,
330 2702 386 2766 vel
402 2700 589 2766 secundum
608 2700 722 2786 ipsum
741 2707 842 2788 capta
861 2707 913 2766 cst
929 2699 1084 2766 definitio
1104 2699 1177 2764 cius
1201 2698 1293 2784 quod
1317 2721 1376 2764 an-

231 2826 370 2909 tecedit,
391 2826 479 2892 veie
497 2831 635 2909 contra,
656 2835 695 2892 ut
714 2825 774 2911 qui
786 2825 872 2891 dicit
892 2825 963 2890 irae
978 2848 1088 2911 genus
1108 2824 1303 2907 tristitiam,
1321 2825 1375 2888 vel

163 2957 209 3020 20
231 2951 398 3018 tristitiae
415 2974 524 3037 genus
544 2952 640 3034 iram,
657 2950 718 3017 ubi
735 2974 777 3016 ex
792 2950 844 3016 ira
863 2950 1008 3017 tristitia
1027 2950 1196 3036 sequitur,
1214 2950 1270 3015 vel
1291 2951 1294 3036 1
1316 2950 1376 3015 ubi
1402 2961 1510 3023 ’746
1526 2957 1567 3024 G
1607 3010 1610 3014 ,

231 3075 405 3142 interdum
418 3078 505 3142 iram
518 3076 662 3142 tristitia
679 3075 800 3164 pariet.
818 3077 926 3141 Porro
945 3076 1029 3141 haec
1048 3076 1172 3141 ultima
1189 3076 1262 3140 loca
1278 3075 1376 3139 iuxta

231 3202 426 3289 oppositam
445 3202 616 3268 rationem
634 3201 775 3289 proprio
794 3201 1010 3266 discutiendo
1037 3199 1252 3284 deserviunt,
1271 3223 1377 3285 quan-

231 3326 418 3411 doquidem
436 3349 507 3392 non
525 3327 642 3392 ridens
662 3327 721 3392 sed
739 3326 886 3410 risibile,
899 3348 969 3391 non
985 3324 1209 3412 philosophus
1225 3323 1284 3390 sed
1302 3325 1377 3411 phi-

230 3451 436 3538 losophatile
464 3460 515 3517 est
542 3452 692 3518 hominis
724 3451 911 3538 proprium.
939 3451 1058 3535 Neque
1085 3450 1168 3516 item
1191 3450 1256 3515 hoo
1275 3449 1377 3515 sirnul

165 3581 208 3645 25
232 3584 359 3642 natura
382 3577 438 3642 vel
461 3577 557 3664 prius
581 3585 633 3643 oet
657 3599 759 3662 quam
783 3576 926 3663 species,
951 3574 1009 3640 sed
1032 3575 1160 3660 ubique
1183 3573 1377 3660 specificam

234 3710 493 3787 consequuntur
516 3702 656 3789 propria
681 3701 930 3791 differentiam,
961 3709 996 3766 et
1030 3700 1193 3765 definitur
1220 3699 1377 3765 accidens

234 3829 326 3913 quod
342 3829 540 3895 immediate
559 3830 706 3917 speciem
731 3828 956 3896 constitutam
979 3827 1210 3912 consequitur.

326 4101 342 4150 3
366 4101 477 4166 posita,
501 4099 540 4149 ait
563 4099 613 4149 ΡΑ
693 4102 708 4150 4
734 4104 870 4159 erratum]
892 4113 946 4149 orr.
967 4099 1032 4149 PA:
1056 4112 1136 4149 orror
1161 4099 1331 4148 commissus
1355 4099 1379 4150 G

233 4181 247 4228 'r'
266 4189 349 4250 actus
359 4181 406 4232 vel
416 4180 537 4230 affectus
549 4180 665 4246 positus
680 4197 803 4246 corrryye
818 4180 841 4230 G
906 4183 945 4230 lo.
955 4181 984 4230 li
1001 4179 1073 4229 iram
1087 4178 1178 4230 vincit
1192 4179 1255 4228 Pu:
1272 4187 1379 4229 nictum

233 4261 363 4313 vincitG
426 4261 458 4311 ⁶23
475 4261 671 4327 philosophus]
680 4264 760 4327 scrcc
772 4261 973 4328 philosophum
1036 4262 1066 4310 ‘27
1083 4259 1290 4310 consti-'uttam
1304 4259 1328 4308 I'
