3390 5122
327 398 385 458 366
767 410 905 456 roccam
926 408 1027 454 namu

326 569 479 635 iudicum
498 567 629 651 debite,
651 589 798 652 quorum
816 566 961 632 interest
981 588 1100 631 earum
1119 588 1191 631 esse
1210 570 1342 630 tutores
1361 572 1396 629 et
1416 563 1475 628 de-

327 692 494 776 fensores,
510 691 566 758 vel
582 691 719 757 faciunt
738 697 858 757 contra
877 698 1031 756 nostram
1048 712 1187 756 causam
1203 711 1376 776 expresse,
1394 698 1472 755 tum

327 842 371 884 ne
389 819 484 884 locus
511 816 781 883 dissimulationi
811 816 925 899 detur,
953 815 1029 883 loca
1053 822 1136 882 sunt
1165 816 1221 882 vel
1249 837 1350 881 exeo
1377 813 1473 900 quod

326 943 383 1009 lex
410 943 534 1010 illaad
561 943 651 1008 hanc
682 964 820 1008 causam
849 962 920 1006 non
946 940 1110 1029 respiciat
1137 941 1174 1006 in
1192 941 1258 1006 hoc
1287 962 1382 1022 casu,
1415 940 1475 1005 vel

271 1063 303 1154 'b
328 1068 419 1155 quod
446 1069 502 1133 lex
534 1068 595 1133 illa
635 1066 841 1153 quibusdam
872 1065 1114 1154 temlporibus
1144 1072 1179 1131 et
1212 1065 1473 1132 conditionibus
1503 1077 1581 1140 80
1596 1079 1642 1140 F

327 1194 373 1258 sit
396 1193 540 1280 alligata
559 1200 594 1257 et
625 1191 807 1275 obstricta,
832 1193 886 1257 vel
907 1191 998 1279 quod
1021 1191 1067 1257 sit
1091 1198 1211 1258 contra
1234 1190 1380 1278 reipubl.
1405 1198 1477 1256 sta·

326 1324 401 1383 tum
425 1325 460 1383 et
488 1317 670 1405 tyrannice
689 1316 745 1383 vel
764 1316 946 1383 ambitiose
968 1317 1123 1404 prolata,
1147 1323 1187 1382 ut
1211 1316 1267 1382 cui
1290 1315 1476 1398 honestae,

326 1442 474 1530 respubl.
495 1449 530 1508 et
549 1442 685 1508 utilitas
705 1441 750 1507 sit
768 1440 1006 1524 anteferenda,
1024 1448 1145 1528 utpote
1162 1441 1206 1506 ad
1225 1463 1329 1527 quam
1342 1461 1475 1506 omnes

326 1567 495 1656 respicere
527 1573 680 1655 oportet;
716 1566 886 1650 siquidem
919 1571 1056 1653 praeter
1088 1587 1304 1632 communem
1339 1564 1477 1631 utilita-

262 1700 305 1762 10
326 1699 396 1759 tem
432 1699 467 1759 et
497 1691 641 1757 humani
674 1691 852 1758 convictus
886 1691 1116 1774 commodum,
1157 1691 1246 1759 nihil
1282 1698 1333 1757 est
1362 1690 1475 1772 aliud,

328 1817 420 1904 quod
444 1817 538 1902 leges
563 1816 732 1904 respicere
763 1816 920 1882 debeant.
954 1815 993 1882 Si
1022 1837 1103 1883 vero
1134 1817 1190 1882 lex
1214 1816 1378 1903 ambigua
1404 1823 1474 1898 est,

327 1949 448 2030 utpote
468 1965 556 2029 quae
576 1942 619 2009 ad
643 1949 827 2028 utramque
849 1949 984 2029 partem
1008 1941 1141 2008 inflecti
1166 1949 1287 2028 queat,
1312 1947 1397 2007 tunc
1422 1941 1476 2007 ita

328 2076 380 2135 est
399 2067 633 2134 confirmanda
652 2077 687 2135 et
705 2066 910 2132 declaranda
925 2066 1014 2153 legis
1032 2067 1221 2150 sententia,
1242 2074 1281 2132 ut
1294 2087 1357 2154 pro
1369 2065 1474 2133 nobis

210 2182 213 2190 ¹
327 2193 447 2280 faciat,
482 2200 518 2259 et
551 2192 695 2259 dubium
729 2215 789 2258 seu
823 2191 1033 2279 ambiguitas
1068 2191 1331 2275 dissimulanda,
1352 2170 1398 2258 'et
1411 2217 1414 2221 ⁴
1429 2215 1473 2258 ea

263 2321 304 2386 lb
326 2320 496 2386 utendum
519 2325 686 2404 tanquam
712 2339 776 2404 pro
800 2317 901 2384 nobis
929 2317 1044 2384 faciat.
1067 2317 1165 2396 Quod
1184 2316 1214 2383 si
1238 2316 1342 2383 iudex
1361 2317 1399 2382 in
1423 2316 1474 2382 al-

327 2452 436 2511 teram
466 2451 601 2532 partem
628 2442 855 2531 propendeat,
887 2443 1005 2509 eadem
1034 2451 1122 2526 arte,
1147 2443 1177 2508 si
1199 2465 1396 2530 possumus,
1416 2443 1472 2507 uti

328 2569 503 2654 debemus,
533 2592 575 2635 ex
603 2590 711 2655 aequo
739 2567 902 2634 videlicet
929 2568 966 2633 in
996 2575 1153 2634 nostrum
1184 2568 1338 2635 favorem
1361 2566 1471 2634 verba

328 2695 415 2781 legis
433 2693 708 2782 interpretandO,
728 2716 792 2759 nec
815 2694 889 2759 sine
907 2693 1148 2760 admirationis
1176 2700 1259 2759 nota
1283 2692 1392 2759 veluti
1411 2714 1474 2758 no-

327 2843 409 2885 vum
433 2828 608 2886 extorsum
623 2819 711 2904 legis
729 2841 867 2885 sensum
887 2819 1098 2885 contrarium
1117 2817 1274 2884 inficiari.
1296 2818 1395 2897 Quod
1415 2818 1419 2907 l
1441 2819 1471 2884 si
1498 2820 1568 2885 81
1582 2824 1628 2885 F

261 2965 305 3028 20
327 2967 408 3031 pars
428 2944 601 3010 contraria
630 2943 766 3010 reddita
785 2943 891 3010 fuerit
920 2944 1147 3032 probabilior,
1168 2949 1251 3009 tunc
1282 2966 1399 3010 casum
1419 2943 1473 3009 ita

328 3069 561 3136 accommodes
581 3075 732 3156 oportet,
757 3075 797 3134 ut
814 3069 871 3134 lex
898 3069 959 3135 illa
982 3069 1160 3135 intellecta
1190 3068 1246 3133 vel
1265 3068 1376 3155 magis
1400 3067 1471 3133 tibi

328 3217 432 3281 quam
448 3193 653 3278 adversaria
666 3195 721 3258 vel
737 3216 809 3260 non
825 3194 939 3260 minus
954 3194 1071 3259 favere
1082 3193 1255 3277 videatur;
1272 3216 1340 3279 qua
1357 3200 1474 3259 stante

327 3319 556 3406 ambiguitate
575 3325 610 3384 et
632 3319 855 3406 perplexione
879 3312 922 3385 ad
941 3319 1027 3385 alias
1045 3319 1198 3386 rationes
1223 3326 1258 3383 et
1277 3319 1370 3403 leges
1394 3340 1476 3383 con-

328 3444 532 3531 fugiendum
550 3444 705 3512 definias

774 3699 873 3765 OAP.
907 3699 1029 3764 XXII.

768 3847 802 3884 Dc
817 3846 871 3884 locls
886 3845 1033 3886 defcuslonls.

417 4073 459 4137 In
484 4072 643 4137 omnibus
663 4071 790 4157 (inquit
815 4071 1032 4153 Aristoteles)
1056 4072 1147 4157 quod
1166 4072 1210 4138 ad
1233 4071 1414 4138 materiam
1435 4082 1472 4137 et

329 4196 475 4262 formam
496 4199 636 4281 attinet,
655 4197 773 4262 eadem
793 4196 982 4263 defensoris
1001 4205 1105 4284 atque
1125 4198 1333 4264 accusatoris
1352 4204 1404 4262 est
1420 4221 1475 4264 ra-

597 4338 703 4345 -..-.—
707 4337 854 4343 ———-

423 4394 438 4442 7
455 4394 584 4457 tyranice
601 4393 624 4444 G
688 4399 723 4444 ut
740 4391 795 4452 cui]
817 4398 849 4443 ut
863 4394 961 4443 curF:
976 4403 1008 4443 ut
1019 4418 1030 4436 »
1046 4400 1191 4450 cur<non>
1202 4394 1352 4457 honestus,
1368 4407 1472 4458 respu-

330 4473 406 4526 blica
419 4480 449 4525 ct
462 4474 608 4524 utilitns-
620 4477 653 4539 (υ.
671 4477 709 4540 ll)
725 4474 856 4525 debeant.
869 4496 881 4517 »
898 4474 921 4524 G
