3390 5122
548 445 742 491 aarrrrorvu
763 445 968 509 precanum,
992 449 1010 492 1.
1058 424 1060 429 ⁴
1290 434 1350 491 369

119 691 125 702 ,
207 602 349 667 tendum
380 609 525 668 estnon
554 601 620 667 loci
652 601 899 686 celebritatem,
930 606 1052 688 utpote
1082 603 1184 688 sedis,
1204 605 1347 692 pulpiti,

206 726 362 812 suggesti
382 733 416 792 et
435 726 571 810 similia,
598 726 766 793 celebrem
785 725 925 791 reddere
946 727 1136 793 orationem
1156 751 1215 795 seu
1234 736 1348 796 orato-

206 874 291 935 rem,
323 852 382 918 sed
405 854 523 940 potius
552 859 723 919 oratorem
746 860 782 919 et
811 853 1002 920 orationem
1034 852 1203 919 celebrem
1233 855 1347 922 locum

204 977 358 1062 reddere,
379 984 471 1044 utet
491 979 528 1044 in
547 978 718 1044 auditorio
735 987 770 1044 et
788 980 827 1044 in
845 979 1004 1046 convivio
1024 986 1058 1046 et
1078 979 1155 1046 aliis
1172 981 1348 1047 conventi-

161 1107 182 1172 b
205 1104 270 1170 bus
289 1125 359 1170 non
378 1104 510 1191 primus
528 1104 630 1169 homo
654 1111 688 1169 et
708 1104 932 1191 dignissimus
951 1126 971 1170 a
989 1105 1102 1194 primo
1126 1105 1200 1171 loco
1219 1106 1348 1173 iudica-

203 1235 275 1312 tur,
296 1229 507 1316 sedprimus
525 1231 621 1294 locus
640 1230 792 1317 aprime
811 1229 959 1296 homine.

336 1356 366 1419 2.
391 1354 639 1420 Pronunciatio
662 1355 735 1421 vim
762 1355 906 1443 suscipit
930 1356 973 1422 ab
992 1356 1129 1440 habitu,
1154 1364 1194 1422 ut
1220 1357 1279 1443 qui
1303 1356 1344 1423 de
1371 1364 1520 1430 1516

201 1479 304 1543 rebus
322 1478 423 1544 laetis
442 1478 625 1545 iucundius
649 1479 771 1548 disseri
790 1479 904 1564 debet,
925 1480 1043 1564 alitter
1062 1481 1224 1567 quamde
1243 1505 1280 1547 re
1295 1483 1344 1547 lu·
1369 1488 1439 1552 86
1455 1490 1499 1551 F

202 1603 318 1690 gubri,
338 1604 432 1670 tristi
451 1611 514 1670 etc.
534 1605 577 1671 In
596 1606 756 1672 omnibus
776 1612 891 1672 autem
911 1613 1026 1673 orator
1041 1629 1118 1672 eam
1133 1606 1345 1693 gravitatem

139 1730 179 1793 10
203 1750 339 1794 servare
358 1728 474 1814 debet,
506 1730 676 1815 siquidem
701 1731 897 1797 differentia
921 1739 973 1797 est
999 1730 1090 1797 inter
1120 1738 1291 1798 oratorem
1310 1740 1345 1797 et

200 1852 417 1939 histrionem,
438 1853 552 1921 forum
570 1864 605 1921 et
624 1878 771 1922 scenam.

333 1981 363 2044 3.
394 1978 551 2047 Sumitur
573 1980 828 2068 pronunciandi
847 1980 937 2046 ratio
961 2003 981 2046 a
1000 1982 1113 2064 vultu,
1134 1988 1173 2046 ut
1198 1981 1345 2068 quisque

200 2104 392 2170 consideret
422 2106 504 2191 quid
541 2128 638 2174 suam
668 2106 785 2172 deceat
809 2112 983 2188 naturam,
1015 2113 1050 2170 et
1079 2105 1163 2191 quid
1187 2106 1237 2172 rei
1268 2106 1347 2173 sub·

200 2229 308 2295 iectae
341 2232 538 2315 conveniam
557 2232 645 2299 alius
669 2232 761 2298 enim
780 2238 894 2298 motus
917 2231 1035 2298 vultus
1054 2230 1128 2315 hos,
1149 2232 1238 2298 alius
1262 2254 1344 2299 vero

134 2363 176 2427 15
199 2355 285 2420 alios
316 2354 422 2422 decet.
453 2357 566 2423 Aliter
589 2357 683 2423 enim
706 2379 822 2442 senex,
847 2357 948 2422 aliter
971 2356 1121 2441 iuvenis,
1141 2356 1244 2422 aliter
1274 2357 1343 2422 for-

199 2501 330 2565 mosus,
361 2481 463 2547 aliter
493 2481 671 2567 deformis,
703 2483 804 2549 aliter
833 2482 964 2570 gravis,
996 2482 1096 2548 aliter
1136 2482 1205 2548 alio
1243 2482 1343 2547 modo

199 2627 405 2691 quocunque
429 2607 617 2695 dispositus
636 2610 754 2674 vultus
773 2630 808 2674 se
827 2615 927 2695 gerat
949 2613 1094 2695 oportet.
1115 2608 1242 2674 Vultus
1261 2630 1342 2674 vero

198 2730 350 2797 varietas
370 2733 517 2798 maxime
536 2734 580 2800 ab
600 2733 777 2799 corilorum
796 2739 831 2798 et
849 2732 1111 2820 superciliorum
1124 2738 1233 2816 motu,
1247 2731 1341 2798 fron·

198 2856 244 2922 tis
275 2858 510 2924 contractione
537 2867 573 2924 et
600 2858 811 2942 extensione,
844 2881 883 2924 ac
914 2859 982 2923 oris
1006 2857 1214 2925 formatione
1239 2859 1341 2946 profi·

131 2990 176 3052 20
198 2981 347 3048 ciscitur.

331 3109 361 3173 4.
387 3108 689 3176 Pronunciationis
717 3109 807 3175 ratio
837 3109 1024 3175 sumitura
1051 3118 1161 3193 motu,
1183 3109 1244 3195 qui
1265 3108 1339 3195 qui-

196 3233 273 3299 dem
293 3240 354 3300 aut
370 3241 422 3300 est
439 3234 578 3318 frontis,
592 3243 653 3301 aut
671 3235 863 3319 oculorum,
875 3242 936 3300 aut
954 3234 1037 3318 oris,
1051 3242 1112 3300 aut
1129 3234 1339 3321 generaliter

197 3358 321 3445 capitis
334 3366 369 3424 et
382 3359 489 3444 dorsi,
502 3366 562 3426 aut
583 3363 587 3447 Ι
608 3359 826 3427 brachiorum
843 3360 1115 3447 digitorumque,
1127 3367 1187 3426 aut
1202 3359 1338 3446 pedum.
1364 3367 1434 3432 87
1449 3327 1493 3428 F

196 3483 334 3570 Ubique
353 3490 469 3551 autem
488 3485 526 3550 in
544 3485 696 3552 motibus
715 3508 754 3552 eo
773 3487 943 3575 respicere
963 3493 1112 3574 oportet,
1134 3494 1173 3553 ut
1191 3509 1235 3551 ne
1254 3484 1339 3570 quid

128 3610 172 3677 25
195 3608 302 3674 effuse
321 3615 356 3674 et
375 3610 600 3677 immoderate
618 3610 689 3676 fiat.

329 3736 359 3799 b.
383 3736 427 3801 In
444 3757 528 3803 voce
556 3742 693 3824 oportet
712 3737 929 3803 considerare
947 3746 1022 3803 tum
1050 3737 1240 3822 naturalia,
1261 3744 1338 3804 tum

196 3860 400 3926 artificialia.
420 3862 467 3926 Et
485 3869 611 3929 natura
630 3861 768 3948 quidem
788 3885 859 3928 non
873 3863 917 3928 ad
934 3862 1048 3929 omnia
1065 3885 1172 3946 aeque
1187 3862 1338 3929 feliciter

195 3983 521 4052 accommodabilem
540 4008 661 4053 vocem
683 3987 850 4054 babemus
869 4009 999 4071 amaea,
1019 3986 1158 4051 sedulii
1177 4009 1336 4074 gravem,

197 4109 258 4175 alii
276 4118 425 4194 acutam,
443 4110 504 4177 alii
522 4112 659 4196 exilem,
677 4113 737 4178 alii
757 4113 857 4178 aliter
872 4111 1045 4192 affectam,
1063 4111 1125 4177 alii
1140 4112 1336 4196 iucundam,

287 4328 302 4377 7
318 4324 449 4377 Secundo
463 4326 704 4390 pronunciatioF
771 4327 820 4392 qui
830 4328 866 4378 F:
883 4327 958 4392 quod
972 4327 1081 4377 emenda
1094 4327 1117 4378 G
1189 4330 1205 4378 9
1222 4345 1283 4380 eam
1296 4331 1334 4382 F:

192 4420 274 4457 suam
288 4405 312 4457 G
375 4406 405 4456 18
422 4407 498 4473 quod
513 4407 541 4456 la
552 4406 646 4469 prima
658 4408 730 4457 solra
743 4405 769 4455 F
830 4408 860 4457 14
877 4408 951 4457 elius
964 4408 1049 4476 enim]
1064 4409 1108 4458 Ab
1127 4408 1163 4458 iis
1179 4410 1255 4461 enim
1269 4411 1333 4474 Fe,

193 4486 601 4553 maompplircequinduhie)
615 4493 712 4538 motus
777 4488 1046 4554 tenemurque&

326 4580 403 4622 Bassi
421 4580 477 4631 Opp.
491 4583 533 4621 lat.
548 4582 586 4631 11,
602 4583 622 4623 t.
1148 4585 1174 4623 47
