3390 5122
332 393 391 453 310
772 409 910 452 ionersi
932 409 1033 453 namu

330 567 482 652 Vinitor,
500 571 663 650 Aurator,
682 567 839 650 Tinctor,
856 567 987 650 Lictor,
1007 565 1126 652 Pugil,
1145 566 1291 652 Auceps.

329 690 516 759 Commoda
535 692 704 780 quadrata
722 700 774 758 eat
794 693 881 758 bene
899 693 992 757 notis
1010 700 1128 757 mensa
1147 690 1278 759 vicenis

330 820 382 884 Ac
400 818 493 885 binis
512 826 673 885 constans
692 819 807 902 scalis,
827 825 862 882 et
880 817 1038 905 singulae
1058 840 1178 883 earum

329 944 524 1011 Distinctae
542 944 707 1033 gradibus
725 943 872 1010 totidem
891 950 988 1026 sunt3
1009 951 1049 1010 nt
1068 942 1185 1031 spacia
1200 942 1261 1008 illa

285 1081 306 1144 ῐ)
329 1070 491 1160 Principe
508 1071 705 1159 praeposito
725 1092 862 1136 mensae
881 1090 1048 1157 compono
1067 1069 1131 1135 sub
1151 1089 1221 1134 unc

329 1195 471 1282 Absque
489 1195 557 1262 alio
576 1195 725 1281 adiecto,
744 1194 877 1261 radices
897 1194 982 1261 dant
1000 1194 1067 1260 tibi
1087 1203 1213 1261 ternas,

331 1321 492 1400 Quolibet
511 1343 593 1408 ergo
608 1344 709 1409 pares
727 1322 791 1387 sub
810 1321 968 1410 principe
986 1320 1133 1387 sternito
1152 1342 1289 1385 mensas

328 1445 521 1512 Dimetiens
540 1446 699 1512 dextrum
714 1453 920 1514 connectens
940 1453 1045 1532 atque
1060 1444 1240 1512 sinistrum

329 1571 483 1657 Anglum
503 1570 668 1638 descensu
687 1571 827 1658 obliquo
847 1571 913 1638 tibi
930 1577 1054 1637 cuncta
1073 1570 1219 1636 notabit.

265 1704 308 1768 10
329 1698 393 1762 Est
409 1718 491 1785 ergo
506 1697 619 1785 primo
638 1699 795 1784 Praeses,
813 1697 1032 1786 Campusque
1050 1695 1199 1763 secundo

330 1821 545 1909 Spectandus
563 1846 699 1890 sursum
719 1829 827 1907 recta,
847 1832 1009 1909 rectaque
1028 1822 1188 1889 deorsum

328 1948 480 2016 Incerto
499 1949 611 2015 scalae
630 1948 784 2015 eiusdem
803 1949 919 2036 spacio
939 1947 1059 2015 domus
1075 1948 1164 2035 ipsa,

330 2075 424 2153 Quae
443 2075 487 2142 ad
502 2075 659 2142 dextram
676 2075 814 2161 signata
837 2076 940 2142 datur
959 2075 1014 2141 vel
1029 2073 1120 2141 forte
1139 2072 1327 2139 sinistram.

330 2200 438 2267 Istinc
457 2209 581 2267 cuncta
596 2201 663 2267 tibi
683 2209 883 2268 succurrent
902 2224 1025 2289 nempe
1045 2199 1180 2266 videnti

265 2339 306 2402 15
330 2325 421 2404 Quid
440 2326 546 2392 faciat
565 2327 686 2393 victor.
705 2327 809 2414 Pugil
827 2327 864 2392 in
884 2328 1039 2393 Fornace
1058 2326 1248 2392 Columnae

329 2451 377 2519 Ut
396 2451 504 2518 variis
523 2453 708 2520 commixta
728 2451 827 2518 nodis
847 2452 1030 2518 simulacra
1049 2453 1202 2538 locisque

329 2574 453 2643 Omnia
470 2578 713 2644 monstrabunt
733 2601 966 2664 quaecumque
985 2578 1117 2644 occasio
1135 2584 1298 2665 praestat.

330 2702 505 2790 Signaque
521 2727 698 2770 servorum
715 2713 838 2791 quarto
858 2706 1049 2792 quintoque
1066 2705 1213 2773 locanda

328 2829 489 2914 Anteque
508 2829 719 2896 vestibulum
737 2829 840 2896 facile
859 2831 1057 2897 accedentia
1073 2837 1232 2918 possunt,

261 2962 305 3024 20
328 2955 552 3043 Affectusque
572 2957 680 3045 aliqui
700 2959 754 3025 vel
774 2958 905 3025 formae
925 2959 1129 3045 significari,

329 3080 366 3147 Si
385 3081 496 3169 primo
515 3106 534 3148 a
555 3106 674 3170 campo
694 3083 798 3149 Sutor
817 3084 1026 3171 proprioque
1043 3093 1213 3169 movetur,

328 3207 429 3274 Atria
449 3232 536 3295 quae
555 3209 676 3275 subeat
695 3209 878 3296 spectabis,
902 3209 1062 3296 quodque
1081 3211 1195 3276 cubile

328 3332 486 3419 Quidque
505 3334 555 3399 ibi
575 3335 780 3418 constituat,
803 3334 906 3420 ferat,
924 3336 1059 3420 actitat,
1079 3337 1287 3402 inveniatur.

416 3619 540 3684 ABOD
566 3619 771 3704 quadratum
795 3633 847 3685 est
865 3619 976 3705 figura
999 3619 1144 3685 duorum
1164 3626 1199 3682 et
1215 3617 1343 3704 viginti
1367 3618 1470 3717 atrio-⁴

260 3756 303 3818 ‘223
327 3768 411 3827 rum,
425 3745 522 3810 iuxta
536 3746 783 3811 elementorum
794 3746 1030 3811 Hebraeorum
1041 3767 1233 3809 numerum.
1251 3744 1306 3808 Ab
1317 3744 1349 3807 A
1360 3766 1468 3828 usque

328 3871 364 3935 in
382 3870 412 3934 B
432 3892 492 3957 per
510 3871 621 3935 latum
638 3869 676 3953 O,
697 3877 736 3936 ut
760 3870 900 3936 nomina
919 3872 961 3934 22
979 3869 1207 3955 (singulorum
1226 3868 1371 3934 totidem
1391 3891 1470 3935 con-

328 3996 497 4062 stantium
517 3995 675 4061 domibus
699 3995 879 4078 descendo)
903 3995 1081 4079 atriorum;
1104 3995 1148 4060 ab
1172 3995 1204 4059 A
1229 4018 1347 4061 versus
1371 3994 1411 4080 Ο,
1433 4002 1467 4060 et

328 4123 358 4187 B
381 4145 500 4188 vorsus
519 4122 565 4205 D,
585 4144 646 4208 per
664 4121 876 4208 profundum
895 4130 977 4187 sunt
1001 4122 1141 4186 nomina
1166 4121 1382 4207 singularum
1406 4119 1467 4186 do-

423 4401 452 4449 10
468 4396 546 4465 ergo]
569 4414 622 4459 ago
704 4401 731 4448 15
753 4416 789 4462 sq.
814 4397 851 4447 sic
931 4400 961 4446 16
982 4398 1156 4448 simulachra
1234 4399 1467 4449 austriacorum

328 4481 360 4530 26
377 4482 411 4542 Ο,
426 4480 467 4548 ut]
483 4478 551 4545 lcppr'
563 4486 633 4529 sunt
