3390 5122
242 432 303 489 360
681 446 820 492 ronunnr
840 445 943 490 nuvru

241 607 269 670 1.
290 618 342 671 est
358 612 469 670 status
479 627 486 686 ;
506 603 563 669 hio
582 610 697 670 autem
716 609 768 669 est
784 602 930 669 materia
949 625 1009 669 seu
1023 603 1218 690 negotium,
1236 605 1340 689 quod
1363 604 1405 670 in

239 730 472 796 controversia
491 735 665 811 versatur,
686 729 811 816 dequo
836 729 1039 816 ambigitur,
1060 728 1102 795 de
1120 751 1188 815 quo
1213 728 1405 817 disoepta·

237 862 308 939 tur,
328 854 527 942 disputatur
545 861 580 921 et
600 853 833 920 definiendum
860 854 1076 943 proponitur.
1100 854 1185 921 Eius
1205 860 1281 921 tres
1310 864 1408 922 sunt

237 981 380 1068 speeies,
402 987 523 1068 utpote
543 980 753 1064 coniectura,
775 1002 862 1065 quae
888 986 1043 1046 versatur
1070 979 1162 1045 oiraa
1185 981 1406 1065 quaesitum

193 1100 214 1166 5
239 1128 284 1171 an
316 1105 449 1192 aliquid
472 1105 518 1171 sit
545 1106 601 1172 vel
631 1127 701 1171 non
735 1104 793 1188 sit,
824 1111 864 1170 nt
891 1105 1067 1172 Antonius
1095 1103 1202 1171 fuerit
1229 1126 1280 1171 an
1309 1129 1403 1173 non.

239 1230 396 1296 Secunda
422 1230 552 1317 species
579 1237 631 1296 eat
656 1228 832 1316 quidditas
851 1253 911 1296 seu
937 1230 1033 1318 quid,
1054 1237 1094 1296 ut
1117 1230 1179 1297 ubi
1205 1233 1406 1317 quaeritur

237 1379 282 1422 an
301 1355 477 1421 Antonius
508 1356 554 1421 sit
583 1356 762 1442 legitimus
792 1362 829 1420 et
857 1356 969 1421 bonae
996 1355 1076 1421 fidei
1105 1377 1299 1443 possessor,
1335 1360 1404 1425 vel

234 1486 419 1568 usurpator
448 1481 502 1546 vel
530 1485 723 1567 occupator.
749 1480 867 1547 Tertia
891 1487 943 1546 est
969 1481 1149 1567 qualitatis
1173 1481 1323 1569 species²
1361 1492 1400 1552 τὸ

233 1606 347 1693 quale,
366 1606 427 1672 ubi
450 1607 499 1687 inl
507 1606 658 1692 quiritur
677 1629 722 1671 an
747 1605 879 1692 ahquid
906 1606 1053 1674 sitbene
1077 1607 1133 1673 vel
1161 1605 1270 1693 male,
1292 1609 1397 1677 iuste
1425 1611 1551 1674 691?

168 1739 211 1802 10
232 1731 288 1798 val
306 1732 447 1817 iniuste,
467 1733 599 1798 utiliter
615 1733 671 1797 vel
689 1732 864 1798 inutiliter
882 1739 1130 1819 perpetratum.

364 1859 394 1922 2.
415 1858 499 1923 Post
517 1862 647 1922 statum
663 1857 766 1942 ratio,
786 1862 908 1945 utpote
936 1879 1004 1943 qua
1033 1857 1193 1923 defensor
1210 1880 1272 1924 seu
1302 1882 1394 1929 reus

232 1982 397 2048 reclamat
413 1988 447 2047 et
465 1981 620 2047 retundit
640 1981 847 2048 accusatoris
872 1982 1062 2048 calumnias
1086 1982 1141 2048 vel
1167 1987 1395 2071 praetentio·

232 2130 306 2192 nee,
327 2130 415 2193 quae
435 2106 574 2193 quidem
590 2107 658 2173 nisi
675 2105 794 2192 fuerit,
810 2107 927 2174 nullus
947 2117 1000 2175 est
1022 2108 1232 2175 defensionis
1248 2108 1364 2178 loeus

365 2234 398 2316 3)
418 2232 481 2297 Est
499 2231 765 2315 firmamentum,
787 2239 908 2320 utpote
933 2256 1000 2320 quo
1019 2233 1171 2300 rationes
1194 2234 1238 2300 ab
1259 2233 1393 2302 adver-

167 2362 208 2426 15
232 2357 322 2422 sario
343 2356 594 2423 convelluntur.

363 2483 396 2565 4)
420 2483 484 2547 Est
514 2484 670 2568 quaestio
702 2506 761 2549 seu
789 2484 970 2567 iudicatio,
990 2490 1111 2571 utpote
1146 2484 1317 2551 terminus
1350 2495 1392 2553 et

229 2614 379 2694 punctus
421 2610 691 2694 controversiae,
723 2631 847 2695 nempe
881 2610 941 2675 ubi
972 2610 1009 2674 id
1040 2610 1173 2698 ipsum,
1214 2611 1310 2695 qnod
1346 2613 1390 2679 in

230 2740 325 2799 statu
356 2740 408 2800 est
438 2757 642 2820 expensum,
663 2734 841 2818 diffusum,
861 2735 899 2799 in
928 2735 1128 2820 quaestione
1156 2757 1215 2800 seu
1242 2734 1393 2804 indica-

230 2859 324 2924 tione
344 2865 396 2924 est
412 2865 637 2924 contractum.

163 2990 207 3053 20
364 2985 396 3068 5)
416 2985 480 3051 Est
508 2984 726 3072 disceptatiO,
747 3008 835 3071 quae
854 2985 1013 3050 consistit
1038 2985 1075 3050 in
1104 2984 1303 3071 collatione,
1324 3010 1393 3057 oo-

230 3130 331 3173 oursu
350 3117 384 3173 et
401 3111 657 3197 comparatione
681 3111 825 3176 duarum
844 3110 1011 3197 partium,
1031 3109 1141 3176 veluti
1165 3109 1202 3174 in
1221 3112 1393 3194 quadam

229 3256 346 3320 pugna
366 3258 424 3299 seu
444 3256 566 3318 agone,
590 3258 675 3319 quae
693 3235 830 3320 quidam
850 3242 1007 3300 versatur
1031 3237 1086 3300 vel
1106 3235 1195 3300 oiroa
1218 3257 1294 3301 rem
1317 3252 1393 3308 aut

228 3359 318 3424 circa
347 3367 499 3444 gestum,
525 3370 565 3426 ut
595 3384 640 3425 an
670 3361 735 3425 iste
760 3361 823 3426 hoe
851 3360 972 3426 feeerit
1005 3384 1049 3425 an
1080 3383 1162 3445 non,
1194 3367 1256 3426 aut
1283 3363 1392 3434 eirea

226 3486 455 3550 intentionenr
476 3493 536 3551 aut
556 3487 695 3573 scripte.

680 3754 777 3817 oAP.
813 3754 914 3818 xix.
1421 3720 1558 3879 {241}

393 3897 593 3938 circurneundurn
608 3899 735 3947 principale
751 3899 825 3945 quortd
840 3899 933 3937 lorruaru
949 3901 972 3938 in
987 3910 1071 3947 genere
1087 3899 1196 3938 iiullelull.

316 4103 440 4167 Forma
460 4125 589 4186 eorunn
611 4125 697 4187 quae
718 4104 806 4167 cirea
833 4102 998 4168 iudicium
1026 4110 1220 4186 versantur,
1242 4103 1385 4176 (listin-

225 4228 343 4311 guitur
368 4227 463 4292 iuxta
487 4229 828 4313 argumentationum
849 4229 990 4315 speclea,
1013 4252 1098 4314 quae
1123 4228 1261 4295 eaedem
1288 4247 1384 4303 sunt

316 4425 330 4471 5
347 4425 473 4473 fueritne
488 4440 523 4473 nn
541 4425 564 4474 G
627 4427 641 4472 o'
656 4427 695 4473 r8
712 4425 841 4475 Secunde
855 4443 867 4472 c
881 4427 979 4475 Tertia
993 4427 1064 4476 (1¹:⁸2.
1078 4443 1090 4474 o
1102 4427 1124 4476 3.
1139 4429 1166 4476 F
1226 4427 1255 4476 17
1275 4441 1374 4491 pune.

224 4504 325 4556 tumG
389 4506 623 4556 senmurum
