3390 5122
522 410 568 455 na
589 410 830 458 connosmiona
850 412 1032 476 msamvn,
1053 412 1101 458 111.
1324 399 1381 458 301

677 848 783 895 TYPVS
800 849 947 897 nnsorn.

352 1295 604 1362 111
786 1295 841 1360 ΠΙ
1018 1234 1284 1379 avia

295 1493 421 1580 Apollo
471 1491 684 1569 ,Redimitus
759 1491 873 1558 Lauro
972 1491 1117 1576 Equitat
1153 1540 1156 1585 Ι
1191 1493 1346 1559 Leonem

294 1636 412 1700 Venus
470 1633 668 1741 LInvoluta
766 1633 866 1699 Nube
988 1631 1099 1699 Ornat
1153 1622 1156 1701 l
1193 1634 1342 1722 Capram

298 1844 418 1850 ——..
439 1843 475 1848 .-.
488 1843 609 1848 --ψ-
834 1843 1087 1852 ---.——-—......
1209 1846 1373 1853 ---—-—-.-

196 1936 217 1998 5
334 1932 384 1996 VI
470 1862 473 1975 i
551 1929 619 1994 VH
774 1931 860 1995 VIII
926 1861 930 2017 i
1013 1930 1070 1996 IX
1249 1930 1285 1995 X

304 2074 411 2139 Ever·
470 2034 473 2129 l
517 2070 656 2137 Funda-
926 2026 929 2138 i

732 2160 891 2227 Tentorii
978 2161 1104 2227 Militis
1168 2162 1362 2228 Ascensum

294 2199 424 2260 tentem
506 2203 662 2263 mentum
698 2224 700 2261 ι

251 2324 473 2404 Tondentem
518 2339 653 2406 Herbas
760 2339 865 2405 Horti
960 2339 1118 2426 Virginis
1185 2340 1332 2407 Evulsas

329 2825 346 2873 r
373 2811 430 2879 Sic
448 2812 632 2878 numinum
653 2812 795 2899 viginti,
809 2834 898 2899 quae
915 2833 1041 2877 novem
1057 2809 1290 2877 accidentium
1308 2833 1382 2898 spe-

173 2941 216 3003 10
239 2939 325 3004 ciem
345 2937 485 3025 capiant
510 2937 609 3003 iuxta
634 2937 840 3024 descriptam
869 2935 1016 3002 formam
1043 2935 1194 3023 singula,
1225 2958 1380 3001 mensam
1406 2940 1503 3004 196

238 3063 305 3129 tibi
321 3062 427 3151 duplo
445 3063 639 3149 longiorem
658 3085 762 3147 quam
780 3063 887 3129 latam
907 3070 1047 3129 sternes.
1072 3060 1171 3127 Talia
1189 3080 1270 3126 vero
1290 3059 1379 3125 acci-

237 3188 355 3254 dentia
374 3188 458 3272 sint,
483 3195 522 3254 ut
539 3210 617 3255 cum
636 3188 797 3255 omnibus
813 3187 929 3255 omnia
945 3186 1106 3275 componi
1121 3186 1270 3274 possint,
1287 3182 1380 3251 haud

238 3312 380 3399 inquam
397 3313 440 3378 ad
459 3320 616 3397 naturae,
636 3313 696 3379 sed
714 3311 758 3379 ad
776 3312 939 3400 imaginis
956 3311 1158 3380 conflandae
1177 3309 1381 3378 convenien-

236 3437 332 3504 tiam.
353 3437 485 3525 Operae
504 3439 633 3526 quippe
651 3439 806 3526 precium
823 3446 874 3506 est
893 3439 978 3524 heic,
998 3446 1038 3505 ut
1061 3438 1179 3504 Venus
1197 3444 1232 3503 et
1251 3436 1377 3524 Apollo

172 3563 214 3626 15
238 3563 393 3628 omnium
418 3563 629 3648 reliquorum
656 3563 797 3650 vexilla,
819 3587 950 3653 organa
974 3570 1008 3630 et
1027 3584 1132 3652 opera
1157 3562 1273 3630 subire
1301 3584 1380 3628 cum

237 3688 314 3755 aliis
329 3689 464 3776 possint
483 3690 763 3758 circumstantiis.

325 3816 392 3882 Pro
416 3823 586 3904 apparatu
609 3825 644 3883 et
667 3817 898 3884 accidentium
922 3817 1177 3904 significatione
1199 3815 1380 3882 retinenda

236 3942 311 4007 loca
338 3941 468 4029 viginti
494 3964 572 4008 cum
595 3942 740 4009 totidem
760 3943 837 4028 (hoc
859 3942 973 4028 moda,
995 3964 1061 4030 quo
1086 3941 1203 4009 Venus
1231 3939 1380 4007 formata

237 4089 314 4133 cum
333 4067 497 4155 Apolline
516 4073 579 4152 est)
598 4067 757 4136 formatis
773 4068 986 4158 imaginibus
1005 4068 1190 4136 sufficiunt.
