3390 5122
564 408 609 451 nn
631 405 872 452 conrosirioau
893 405 1076 465 nmomva,
1097 404 1119 448 1.
1354 384 1412 442 165

274 564 487 649 triangulum
508 564 832 650 complectentibus,
850 564 910 630 ubi
934 562 1149 649 singulorum
1168 559 1319 624 medium
1339 579 1415 622 con-

274 695 453 753 sonantem
480 711 557 753 euni
587 697 730 754 sonante
765 689 974 775 quintuplici
1002 687 1170 774 designat.
1195 686 1248 750 Ex
1277 681 1414 769 angulis

274 837 354 879 vero
379 814 491 879 tribus
519 813 742 880 interioribus
766 820 800 879 et
828 815 941 879 tribus
967 811 1195 878 exterioribus
1223 832 1294 894 cas,
1328 829 1414 893 qaae

274 939 489 1024 frequentius
518 940 724 1026 posteriores
750 946 855 1025 atque
878 939 1001 1005 tertiae
1025 944 1104 1024 post
1132 935 1340 1002 mediantem
1366 955 1416 998 se-

229 1069 249 1131 5
273 1072 414 1129 nantem
434 1065 655 1152 adiiciuntur,
676 1065 864 1151 assignant.
889 1063 1058 1149 Reliquae
1077 1084 1158 1128 vere
1178 1059 1415 1127 huiuscemodi

273 1212 344 1255 uon
363 1190 521 1277 indigent
541 1198 729 1279 apparatu,
751 1191 1031 1275 quandoquidem
1055 1191 1110 1255 vel
1130 1189 1252 1254 harum
1276 1185 1415 1272 gemina

274 1317 473 1403 acceptione
492 1319 533 1402 (si
553 1317 672 1383 eadem
690 1315 851 1382 videlicet
870 1316 981 1382 forma
1001 1338 1069 1382 uno
1090 1315 1145 1380 vel
1166 1314 1234 1380 alio
1254 1313 1354 1379 modo
1379 1334 1415 1376 se

272 1442 411 1524 habeat,
432 1444 552 1510 sedens
570 1443 732 1508 videlicet
763 1450 823 1510 aut
853 1450 960 1527 stans)
992 1442 1137 1508 duorum
1168 1441 1414 1507 elementorum

273 1567 376 1633 unius
395 1568 582 1655 accipimus
603 1570 658 1634 vel
674 1568 761 1634 alius
776 1569 912 1655 generis
932 1567 981 1633 rei
998 1567 1208 1650 adiectione;
1226 1572 1265 1630 ut
1290 1565 1319 1631 si
1338 1564 1415 1629 heic

209 1692 250 1755 10
272 1694 328 1758 vel
348 1694 410 1777 ibi,
430 1695 512 1760 hino
531 1696 586 1761 vel
605 1695 695 1779 inde,
715 1701 939 1782 cornupetam
959 1695 1013 1760 vel
1036 1694 1250 1759 mordentem
1273 1692 1329 1758 vel
1349 1691 1414 1756 cal-

273 1818 458 1884 citrantem
473 1820 620 1886 bestiam
637 1820 856 1908 aspiciamus,
877 1826 939 1886 aut
957 1819 1052 1885 aliud
1071 1818 1279 1885 huiusmodi.

721 2157 874 2224 CAPVT
906 2159 968 2224 XI.
1021 2094 1027 2114 ¹

520 2323 633 2370 Imagines
644 2322 668 2360 in
680 2320 786 2360 cubilium
799 2323 911 2362 minorum
922 2326 1001 2362 centro
1014 2323 1158 2372 corispieaae.

361 2523 415 2588 Ad
427 2547 497 2588 non
507 2523 606 2587 niodo
618 2523 759 2589 huiusce
772 2524 922 2609 generis,
937 2524 996 2591 sed
1012 2524 1055 2590 acl
1071 2525 1299 2611 multiplicem
1310 2550 1408 2591 usam

207 2657 247 2720 15
271 2656 374 2734 atquo
394 2648 720 2735 contemplationem
740 2649 887 2735 triginta
903 2650 1112 2716 constitutae
1136 2658 1217 2716 sunt
1236 2658 1271 2716 et
1294 2652 1412 2717 defini-

271 2782 325 2840 tae
345 2775 529 2859 imagines,
547 2783 585 2838 ut
608 2775 646 2838 in
665 2781 783 2840 centro
803 2775 895 2860 quod
914 2782 966 2840 est

403 2900 429 2964 I.
449 2901 492 2965 In
511 2899 600 2965 atrio
618 2899 674 2964 vel
693 2900 800 2965 cubili
823 2900 997 2967 Bonitatis
1025 2901 1071 2965 sit
1090 2901 1246 2967 sacerdos
1261 2901 1405 2968 indutus

270 3024 386 3108 lineis,
406 3024 450 3089 ad
468 3025 576 3090 altare
595 3024 772 3091 thuribulo
791 3025 1032 3111 suffumigans.

405 3151 448 3214 ΙΙ.
470 3152 512 3215 Iu
531 3151 619 3216 atrio
639 3151 879 3238 Blasphemiae
902 3151 957 3235 (ad
980 3153 1105 3218 Placiti
1124 3152 1263 3235 atrium)
1285 3161 1404 3220 centro

202 3284 247 3345 ‘20
269 3275 425 3340 sacerdos
444 3276 558 3341 rubris
578 3276 791 3341 indumentis
809 3277 971 3343 victimae
990 3279 1160 3365 sanguine
1175 3302 1406 3367 conspergens

270 3402 388 3466 altare.

402 3526 466 3590 ΙΙΙ.
487 3526 528 3591 ln
548 3527 637 3591 atrio
661 3527 782 3592 Brabii
806 3535 897 3594 meta
916 3539 951 3597 et
971 3553 1074 3616 super
1092 3530 1188 3596 illam
1208 3541 1348 3616 torques
1377 3541 1412 3596 et

270 3653 389 3718 clamis
408 3653 486 3718 alba
506 3652 642 3718 fimbria
662 3653 831 3720 inaurata.

404 3779 462 3844 IV.
483 3778 525 3842 ln
544 3778 633 3843 atrio
652 3779 800 3845 Caussae
818 3805 903 3868 puer
927 3783 1156 3870 complectens
1187 3785 1337 3870 puellam
1358 3785 1409 3848 ni-

203 3912 246 3973 25
268 3926 366 3987 gram
386 3911 421 3966 et
440 3903 638 3969 formosam.

404 4028 443 4092 V.
464 4028 506 4093 ln
529 4029 617 4094 atrio
641 4031 819 4097 Olaritatis
844 4033 900 4113 (aa
923 4033 1063 4099 Gloriae
1086 4034 1228 4119 atrium)
1248 4042 1409 4101 matrona

269 4151 392 4217 dextra
409 4176 548 4238 aquam,
569 4154 710 4220 sinistra
734 4157 919 4242 speculum.

362 4371 520 4433 {inanius
585 4373 875 4438 liutrijesacondos
929 4375 1079 4426 23iaicadi
1091 4379 1220 4443 chlamys
1272 4382 1303 4430 ‘27
1320 4382 1337 4430 i.
1352 4397 1411 4448 spe-

267 4450 363 4500 culum
379 4451 513 4509 (habens)
526 4468 540 4499 o
554 4451 709 4502 siaiilmcnie
