3390 5122
778 417 918 461 [onnam
939 416 1040 462 Bavru

779 699 823 763 Π.
854 699 1040 763 Mnuanvu.

428 934 503 998 Iam
521 932 612 1019 quod
643 932 687 998 ad
717 955 790 998 esse
808 932 1008 998 absolutum
1038 939 1172 1020 spectat
1200 941 1486 1021 commentantem

339 1059 426 1127 illud
438 1066 576 1124 tantum
596 1056 765 1124 indicasse
785 1058 959 1143 volumus,
978 1057 1071 1145 quod
1091 1056 1260 1144 quidquid
1278 1058 1486 1147 concipitur,

340 1192 400 1251 aut
418 1207 480 1273 per
499 1183 694 1249 evidentem
724 1206 759 1250 se
791 1183 952 1248 immittit
982 1183 1227 1267 incursionem,
1247 1193 1288 1250 ut
1314 1207 1486 1271 amarum,
1561 1242 1567 1252 ,

296 1309 317 1374 5
341 1310 455 1394 dulce,
474 1311 548 1395 lux,
566 1309 741 1394 tenebrae,
762 1317 824 1375 aut
842 1332 905 1397 per
923 1316 1158 1375 transcursum
1181 1309 1226 1375 ab
1250 1309 1484 1396 evidentibus,

341 1436 401 1523 qui
432 1458 514 1501 sane
543 1434 731 1501 secundum
751 1441 899 1520 quatuor
918 1433 1037 1501 modos
1066 1435 1233 1501 efficitur:
1254 1443 1315 1502 aut
1333 1435 1446 1524 primo
1465 1461 1486 1503 a

341 1567 583 1649 praesentante
602 1560 646 1626 ad
666 1560 702 1625 id
721 1560 813 1646 quod
831 1567 1085 1647 praesentatur,
1105 1567 1145 1626 ut
1164 1561 1207 1627 ab
1227 1561 1341 1648 effigie
1360 1562 1488 1650 effigia·

341 1693 429 1770 tum,
449 1685 704 1773 apropriisque
723 1685 960 1752 accidentibus
979 1685 1181 1752 extrinsecis
1200 1687 1409 1772 subiectum
1425 1697 1487 1756 aut

342 1811 490 1878 secundo
515 1836 535 1878 a
559 1810 748 1899 composito
768 1811 812 1877 ad
835 1817 982 1898 partem,
1002 1819 1036 1876 et
1059 1811 1303 1880 universaliter
1322 1814 1366 1880 ab
1386 1838 1425 1881 eo
1449 1815 1487 1882 in

277 1941 320 2004 10
343 1959 410 2024 quo
428 1937 484 2002 vel
504 1960 581 2003 cum
601 1959 668 2024 quo
687 1937 820 2022 aliquid
838 1944 890 2003 est
906 1937 942 2002 id
961 1938 1074 2024 ipsum
1095 1940 1186 2026 quod
1205 1940 1242 2005 in
1266 1948 1301 2005 et
1320 1964 1399 2006 cum
1417 1941 1486 2006 alio

342 2073 406 2151 est,
423 2075 463 2132 ut
479 2090 499 2132 a
514 2090 655 2154 corpore
669 2066 916 2154 superficieque
934 2068 1039 2152 ionga
1057 2068 1256 2154 longitud03
1273 2076 1333 2135 aut
1348 2069 1452 2135 tertio
1467 2093 1487 2134 a

343 2193 629 2280 componentibus
648 2192 692 2258 ad
712 2193 954 2280 compositum,
974 2199 1014 2259 ut
1033 2217 1076 2259 ex
1094 2195 1220 2261 notitia
1239 2194 1375 2283 populi,
1395 2218 1489 2262 sena·

344 2323 413 2401 tus,
442 2318 598 2404 equitum
622 2325 656 2383 et
679 2319 892 2406 reliquorum
918 2319 962 2385 ad
985 2319 1247 2407 rempublicam3
1280 2327 1342 2386 aut
1365 2326 1487 2406 quarto

344 2467 405 2531 per
423 2449 649 2530 augmentum
673 2468 693 2510 a
714 2444 846 2510 minore
874 2444 999 2530 maius,
1019 2446 1076 2511 vel
1104 2469 1166 2533 per
1185 2446 1442 2512 decrementum
1468 2469 1488 2511 a

282 2563 323 2628 15
346 2570 479 2635 minore
497 2570 613 2635 minus
637 2570 865 2656 concipimus,
885 2593 994 2657 parvo
1022 2571 1114 2637 enim
1138 2572 1279 2658 negotio
1302 2572 1347 2639 ab
1370 2571 1489 2637 eodem

346 2696 495 2762 termino
514 2696 559 2762 ad
578 2704 782 2782 conceptum
801 2696 969 2782 gigantis,
989 2697 1050 2782 qui
1074 2721 1235 2784 magnus,
1256 2704 1290 2764 et
1313 2697 1489 2785 pygmaei,

349 2822 408 2907 qui
426 2822 593 2909 parvulus
617 2828 669 2887 est
697 2821 813 2906 home,
835 2821 1080 2888 descendimus.
1101 2822 1166 2888 His
1196 2824 1306 2890 modis
1329 2823 1411 2889 licet
1429 2846 1491 2910 per

347 2946 443 3013 aliud
467 2947 599 3033 aliquid
623 2955 864 3033 cognoscatur,
885 2971 955 3015 non
978 2954 1095 3014 tamen
1118 2955 1157 3014 ut
1176 2949 1220 3014 ad
1242 2950 1351 3033 aliud,
1373 2949 1433 3016 sed
1452 2957 1491 3015 ut

347 3073 385 3137 in
404 3097 439 3138 se
456 3073 531 3161 ipso
550 3071 711 3158 cognosci
730 3072 867 3138 dicitur.

784 3335 848 3399 ΙΙΙ.
873 3335 1058 3401 11111Μο11111.

440 3596 538 3674 Quod
557 3604 672 3661 autem
688 3594 733 3660 ad
751 3617 823 3684 esse
840 3593 1070 3680 respectivum
1084 3594 1225 3678 attinet,
1244 3595 1391 3660 dicimus
1411 3597 1496 3661 mul-

351 3723 505 3809 tiplicem
530 3720 791 3807 indagationem
823 3719 947 3784 habere
971 3719 1084 3783 locum
1109 3719 1146 3784 in
1170 3719 1228 3804 iis,
1253 3743 1400 3805 quorum
1422 3744 1496 3787 esse

351 3846 510 3911 consistit
529 3845 566 3910 in
585 3846 628 3911 ad
648 3844 742 3910 aliud
770 3851 936 3930 respectu.
962 3843 1030 3920 Qui
1061 3843 1227 3909 nimirum
1245 3846 1301 3910 vel
1327 3846 1354 3909 1.
1374 3853 1426 3912 est
1450 3869 1497 3912 se·

351 3971 502 4037 cundum
526 3969 801 4052 similitudinem,
821 3969 877 4034 vel
895 3970 925 4033 2).
951 3969 1258 4054 comparationem,
1283 3972 1391 4035 1013.
1416 3994 1496 4038 con·

253 4094 255 4100 ¹
284 4101 327 4165 ‘25
351 4097 607 4180 tradiotioncm,
628 4096 733 4161 1014.
753 4095 1046 4178 contrarietatem,
1066 4095 1120 4159 vel
1145 4095 1174 4159 ὃ.
1200 4094 1431 4181 privationem
1463 4104 1497 4161 et

428 4331 444 4378 5
461 4329 715 4379 1111000111οΡ11
771 4329 786 4377 7
802 4332 968 4394 praestanto
978 4329 1005 4377 l>
1058 4330 1074 4378 8
1091 4330 1261 4392 subiectum,
1272 4333 1298 4379 A
1311 4333 1362 4380 aut
1373 4329 1431 4394 (sic)
1445 4329 1496 4380 Pa

352 4411 382 4460 10
406 4409 435 4460 id
455 4411 519 4459 PA:
546 4411 580 4460 ud
604 4410 628 4461 G
700 4413 729 4460 11
755 4409 843 4473 longa
865 4427 913 4458 om.
935 4408 987 4459 AG
1060 4412 1091 4460 13
1117 4411 1152 4461 ad
1178 4411 1213 4461 ad
1234 4410 1450 4476 Rempublicam
1471 4412 1497 4462 Ρ

352 4493 383 4542 15
403 4491 594 4558 concipinnnn
608 4491 634 4541 Ρ
698 4491 728 4540 16
743 4490 850 4557 pigmci
862 4489 913 4541 lm
