3390 5122
320 403 378 460 252
766 416 904 464 rounam
925 419 1026 463 naum

320 571 427 658 Ante,
457 573 607 656 Interea,
643 572 767 658 Simul,
800 575 938 658 Postea,
973 573 1164 661 Principio,
1200 572 1326 656 Medio,
1362 571 1460 652 Fine,
1607 639 1609 643 ,

320 700 426 784 Dum,
450 701 581 785 Donec,
606 699 714 784 Olim,
733 701 865 787 Nuper,
886 700 1039 785 Dudum,
1057 701 1145 783 Iam,
1166 699 1332 787 Oplpido,
1350 699 1463 764 Matu—
1488 691 1591 755 150

321 827 419 912 ritas,
440 827 592 910 Instans,
611 827 831 915 Impendens,
852 826 1029 912 Vicinum,
1049 828 1186 910 Procul,
1207 826 1365 914 Raptim,
1387 825 1463 892 Sta-

321 953 402 1036 tim,
422 952 626 1036 Confestim,
646 953 740 1037 Mos,
760 953 947 1036 Contione,
968 953 1151 1037 Actutum,
1171 953 1348 1036 Protinus,
1368 951 1462 1034 Cito,

277 1077 298 1140 ὃ
322 1080 439 1165 Omne,
458 1080 657 1168 Extemplo,
677 1080 882 1168 Evestigio,
902 1080 1014 1163 Illico,
1035 1080 1143 1146 Ilicet.
1169 1079 1255 1146 Cum
1275 1080 1318 1146 iis
1338 1080 1464 1146 Celeri·

321 1214 389 1292 tae,
423 1208 621 1296 Rapiditas,
656 1208 873 1295 Properatio,
905 1207 1047 1292 Cursus,
1077 1207 1285 1290 Festinatio,
1316 1208 1461 1291 Dilatio,

321 1332 606 1418 Procrastinatio,
630 1333 826 1417 CunctatiO,
855 1333 1054 1416 Productio,
1078 1333 1297 1421 ProrogatiO,
1321 1333 1464 1422 Compe-

322 1459 532 1544 rendinatiO,
545 1459 746 1548 Suspensi0,
758 1459 977 1543 ReservatiO,
998 1460 1155 1527 Reiectio
1175 1461 1213 1525 in
1228 1466 1327 1548 post,
1348 1460 1465 1526 Lenti-

291 1638 297 1647 .
322 1585 419 1669 tudo,
441 1584 614 1672 Segnitias
634 1608 711 1651 cum
730 1584 800 1651 suis
820 1585 1039 1652 adstantibus
1061 1585 1317 1670 Saturnalibus
1338 1585 1465 1651 'Parda-
1496 1587 1498 1591 ’

259 1711 300 1774 10
322 1710 386 1794 tio,
404 1711 622 1798 Expectatio,
636 1710 866 1795 Sustinentia,
883 1710 1079 1791 Cunctatio,
1099 1711 1208 1793 Mora,
1225 1711 1462 1795 DiuturnitaS,

324 1833 588 1923 Opportunitas,
622 1836 883 1924 Importunitas,
911 1835 1057 1922 Hyante,
1086 1836 1224 1920 Aestas,
1249 1836 1463 1919 Autumnus,

323 1960 419 2044 Idus,
446 1961 630 2046 Calendae,
661 1961 794 2045 Nonae,
819 1960 1042 2047 Olympiades
1061 1968 1096 2026 et
1125 1961 1247 2027 Feriae
1277 1961 1464 2027 secundum

323 2109 433 2173 genus
451 2087 569 2167 Festa,
596 2095 630 2152 et
649 2093 725 2153 atra
752 2094 787 2152 et
806 2087 911 2168 clara,
938 2086 1029 2152 fasta
1049 2095 1083 2152 et
1108 2086 1244 2152 nefasta
1263 2087 1463 2152 Intervalla.

324 2211 379 2277 Ad
407 2212 490 2277 haec
526 2218 731 2278 succurrunt
756 2212 947 2297 Nativitas,
976 2211 1147 2297 Infantia,
1174 2212 1344 2295 Pueritia,
1373 2212 1466 2277 Ado·

260 2344 301 2408 15
324 2337 501 2419 lescentia,
520 2338 700 2420 IuventuS,
719 2337 892 2420 virilitas,
913 2337 1092 2422 Senectus,
1114 2338 1325 2426 Decrepitas.

413 2478 430 2525 a
451 2464 607 2531 Diversis
631 2464 787 2530 diversae
811 2471 906 2547 sunt,
931 2465 1020 2531 sicut
1050 2471 1085 2530 et
1115 2487 1232 2530 earum
1255 2488 1380 2553 parens
1405 2465 1464 2532 Sol

324 2590 401 2656 aliis
420 2590 602 2656 durescens
621 2589 698 2656 aliis
716 2611 798 2656 vero
817 2589 1031 2674 mollescenS,
1050 2589 1145 2656 haud
1162 2613 1259 2657 secus
1276 2591 1370 2678 ipsae
1388 2591 1464 2675 qui-

324 2715 470 2781 busdam
488 2714 708 2802 tardigradae
722 2721 757 2780 et
772 2714 988 2802 mollipedes,
1013 2716 1216 2800 quibusdam
1242 2722 1358 2782 autem
1381 2717 1466 2782 aeri-

325 2840 428 2928 pedes
447 2847 528 2907 sunt
546 2848 650 2927 atque
669 2840 912 2906 velocissimae.
937 2841 1003 2905 Pei·
1022 2841 1140 2906 domos
1158 2842 1300 2927 inquam
1321 2841 1464 2908 Saturni

181 3051 186 3063 Ι
260 2976 304 3038 20
327 2975 408 3030 sunt
433 2965 564 3046 tardae,
587 2989 649 3052 per
678 2965 841 3032 Mercurii
864 2987 945 3032 vero
974 2974 1008 3030 et
1027 2966 1171 3031 Veneris
1194 2967 1284 3033 atria
1313 2967 1375 3033 sub
1405 2990 1467 3055 spe

327 3090 431 3156 durae
459 3099 493 3155 et
522 3090 585 3155 sub
609 3113 646 3156 re
676 3090 817 3178 fugaces
836 3091 1073 3157 inveniuntur.
1099 3090 1239 3157 Clavem
1267 3092 1394 3158 habere
1417 3092 1467 3157 vi·

327 3217 453 3282 dentur
468 3216 624 3302 singulae
640 3216 677 3281 in
694 3240 809 3299 manu,
826 3218 989 3302 quoniam
1002 3217 1147 3285 totidem
1160 3218 1333 3284 habentur
1347 3227 1466 3306 portae

328 3342 488 3408 caelestes
504 3350 537 3406 et
554 3342 698 3408 totidem
714 3350 795 3408 sunt
811 3366 939 3429 genera
955 3350 1136 3409 ventorum
1153 3352 1187 3408 et
1207 3352 1463 3432 tempestatum.

816 3635 883 3675 Irldla
897 3634 979 3684 imago.

261 3856 305 3920 25
417 3865 433 3911 t
457 3851 564 3916 Adest
589 3849 769 3937 repentino
794 3872 935 3915 occursu
965 3849 1001 3912 in
1027 3849 1137 3912 torma
1156 3848 1333 3934 Harpyiae
1353 3848 1467 3934 virgo,

330 4000 434 4063 quam
453 3976 573 4042 dicunt
592 3976 717 4041 Iunoni
741 3977 867 4041 lectum
892 3983 1042 4041 sternere
1068 3981 1103 4038 et
1131 3973 1291 4037 nuntiam
1316 3973 1471 4038 fidelissi-

328 4127 429 4170 mam.
459 4101 591 4166 Pelvim
611 4125 720 4187 aquae
748 4102 783 4166 in
812 4124 917 4166 manu
944 4101 1049 4166 habet
1074 4099 1233 4181 sinistra,
1265 4100 1302 4164 in
1330 4101 1469 4165 dextera

328 4252 410 4294 vero
427 4227 621 4314 siphonem,
635 4250 701 4313 quo
714 4227 765 4294 ori
782 4226 948 4315 applicito
961 4226 1001 4291 de
1018 4226 1161 4291 flumine
1177 4248 1285 4310 aquas
1302 4225 1465 4308 attrahit,

420 4489 449 4537 ll
467 4488 656 4553 Oportunitus
720 4489 929 4555 1201impsdes
993 4490 1024 4539 12
1040 4505 1077 4552 sq.
1092 4487 1139 4539 sic.
