3390 5122
558 428 752 474 sarirrcivu
773 429 978 490 eunonium,
1000 429 1035 473 11.
1308 414 1366 473 397

226 586 310 652 tudo
338 592 372 652 et
401 585 552 650 affinitas
581 585 636 650 vel
662 585 839 672 proportio
869 608 928 651 seu
960 585 1276 673 proportionalitas
1302 585 1368 651 dis-

227 709 417 776 similitudo
433 732 492 775 scu
508 710 748 793 contrarietas;
768 711 817 775 ita
841 718 1026 797 postquam
1045 733 1153 777 unum
1174 715 1179 797 l
1200 710 1365 776 orationis
1391 707 1488 773 1'72
1504 707 1545 774 G

226 836 418 902 discursum
453 834 739 922 compleverimus
771 835 809 899 in
834 837 1021 924 praecipua
1047 835 1195 921 quadam
1221 833 1366 901 materia

186 990 189 996 ·
224 962 261 1027 in
285 984 354 1027 uno
377 983 503 1047 genere
526 967 560 1025 et
582 960 777 1048 proposito,
801 982 982 1047 possumus
1003 962 1007 1048 l
1028 961 1243 1048 propositum
1260 982 1368 1026 unum
1395 957 1491 1023 132
1506 959 1551 1021 F

180 1085 260 1152 sin
289 1085 384 1152 aliud
406 1086 623 1175 propositum
652 1094 851 1151 convertere
880 1087 1009 1173 aptatis
1040 1087 1195 1152 terminis
1229 1093 1264 1152 et
1295 1108 1367 1151 mu·

226 1219 298 1277 tato
323 1213 454 1296 ordine,
479 1211 592 1277 itaut
616 1235 659 1276 ne
682 1211 750 1298 ipsi
769 1211 932 1295 artifices,
953 1212 1016 1277 sub
1041 1212 1159 1277 eadem
1183 1211 1367 1299 disciplina

225 1337 399 1420 instructi,
420 1337 511 1403 idern
531 1337 717 1403 artificium
733 1337 986 1424 deprehendere
998 1344 1136 1423 queant.
1148 1337 1254 1403 Nulla
1274 1338 1363 1403 enim

224 1485 303 1550 pars
320 1474 372 1529 est
393 1486 452 1528 seu
473 1464 588 1528 nullus
604 1464 712 1546 locus,
730 1463 789 1548 qui
809 1485 879 1527 non
895 1463 1005 1550 possit
1024 1486 1096 1528 esse
1111 1462 1243 1550 primus
1260 1484 1366 1548 aeque

225 1595 328 1674 atque
352 1589 484 1654 medius
510 1596 613 1674 atque
641 1589 793 1654 ultimus.
815 1588 852 1653 Si
883 1590 1001 1673 itaque
1029 1588 1067 1653 in
1095 1588 1366 1654 demonstrativo

160 1715 201 1778 10
223 1738 348 1801 genere
379 1722 535 1780 occurrat
554 1714 686 1799 aliquid
713 1714 994 1801 vituperandum,
1016 1722 1106 1780 certe
1139 1713 1284 1799 quilibet
1314 1736 1366 1779 ea·

224 1839 300 1904 dem
317 1840 451 1905 ratione
476 1840 664 1925 iisdemque
688 1840 771 1905 locis
801 1839 956 1905 laudabit
980 1847 1015 1905 et
1038 1839 1267 1926 vituperabit,
1293 1839 1366 1925 qui-

225 1965 287 2030 bus
305 1966 407 2031 homo
432 1965 617 2031 laudabilis
646 1975 680 2029 et
707 1965 947 2053 vituperabilis
966 1973 1028 2030 est.
1048 1965 1173 2030 Omnia
1193 1965 1285 2030 enim
1310 1964 1365 2030 vel

223 2090 356 2155 homini
377 2090 505 2155 similia
528 2099 609 2155 sunt
634 2095 724 2177 ipsa,
749 2091 806 2155 vel
828 2091 913 2177 ipsis
941 2091 1041 2154 homo
1066 2089 1283 2171 estsimilis,
1308 2089 1365 2154 vel

223 2215 419 2296 dissimilia,
444 2214 499 2280 vel
523 2214 704 2296 contraria,
729 2215 785 2279 vel
804 2215 908 2280 simili
932 2216 988 2281 vel
1012 2214 1184 2281 contrario
1210 2212 1309 2278 modo
1327 2236 1362 2278 se

158 2347 198 2411 15
222 2339 401 2421 habentia3
418 2346 453 2404 et
472 2339 547 2404 ideo
567 2340 731 2426 quicquid
747 2340 873 2405 dicitur
889 2340 931 2405 de
945 2340 1092 2424 homine,
1104 2362 1166 2428 pro
1179 2361 1240 2405 suo
1259 2347 1364 2426 captu

222 2465 263 2530 de
286 2465 355 2531 illis
375 2464 442 2530 dici
462 2471 584 2552 potest.
604 2466 697 2531 Hinc
716 2473 750 2531 et
771 2467 902 2531 coelum
921 2466 1027 2532 habet
1046 2487 1144 2532 suum
1169 2465 1363 2549 dexterum,

222 2590 414 2673 sinistrum,
433 2598 467 2656 et
479 2590 565 2657 alias
577 2590 702 2655 locales
722 2590 946 2674 differentiam
967 2592 1076 2674 navia,
1097 2590 1218 2657 domus
1234 2590 1363 2655 habent

221 2740 321 2784 suum
339 2718 514 2799 dextrum,
528 2718 720 2800 sinistrum,
741 2718 894 2801 brachia,
915 2718 1030 2805 pedeS,
1044 2719 1161 2783 alvum
1181 2725 1258 2799 etc.;
1279 2717 1361 2781 item

221 2844 357 2927 civitas,
377 2842 602 2931 respublilca,
623 2843 755 2909 familia
775 2842 893 2909 eadem
919 2843 1071 2908 membra
1091 2843 1216 2908 habere
1236 2840 1363 2907 intelli·
1387 2833 1485 2897 133
1498 2833 1542 2896 F'

154 2972 198 3034 ‘20
220 2978 364 3056 guntur;
384 2970 545 3035 similiter
562 2970 715 3056 plantae,
734 2968 872 3052 herbae,
884 2977 974 3034 artes
987 2975 1021 3034 et
1040 2970 1282 3034 instrumenta.
1304 2967 1361 3034 Sic

220 3117 340 3160 urceus
358 3094 463 3161 habet
495 3118 594 3160 suum
613 3117 735 3180 genus,
760 3095 932 3180 argillam,
963 3118 1003 3159 ex
1034 3095 1096 3160 tali
1120 3100 1275 3182 parente,
1297 3093 1361 3158 tali

220 3221 319 3305 quasi
342 3221 488 3303 familia,
508 3221 572 3286 tali
600 3220 732 3286 artifice
761 3228 934 3306 operante.
956 3220 1080 3285 Omnia
1106 3220 1199 3285 enim
1219 3242 1280 3306 pro
1297 3242 1360 3285 sua

219 3346 353 3412 ratione
379 3345 508 3411 habent
537 3368 647 3432 genus
676 3353 841 3429 tanquam
867 3344 1057 3432 principia,
1087 3353 1256 3430 tanquam
1283 3366 1362 3431 pro-

218 3471 330 3558 priam
349 3471 498 3536 indolem
518 3478 552 3535 et
571 3471 718 3557 speciem
734 3493 831 3535 suam
850 3469 1085 3535 definitionem
1106 3492 1165 3535 seu
1188 3476 1359 3553 naturam,

153 3606 196 3669 25
218 3596 348 3661 habent
377 3597 533 3683 proprias
562 3595 727 3677 virtutes,
758 3602 877 3682 utpote
908 3594 1201 3679 circumstantias,
1234 3595 1358 3679 quibus

219 3721 304 3786 beno
324 3744 359 3786 se
375 3722 505 3787 habent
530 3722 567 3786 in
595 3745 656 3787 suo
675 3744 801 3807 genere
820 3744 879 3785 seu
906 3721 1026 3808 specie.
1047 3722 1096 3787 Ut
1122 3743 1202 3806 ergo
1222 3720 1285 3786 hoc
1303 3744 1359 3806 ge·

218 3870 282 3912 nus
301 3869 496 3912 exercemus
527 3846 563 3911 in
592 3847 741 3927 homine,
763 3847 812 3911 ita
842 3856 877 3911 et
905 3869 1061 3911 exercerc
1088 3846 1170 3911 licet
1188 3846 1303 3932 ipsum
1325 3855 1359 3910 ct

218 3972 286 4038 alia
310 3971 347 4037 in
371 3973 633 4058 quibuscunque
663 3972 780 4053 rebus,
801 3995 924 4059 nempe
947 3970 1134 4037 secundum
1154 3971 1358 4036 eminentio-

217 4121 289 4163 rem
309 4098 478 4164 raticnem
492 4098 530 4162 in
549 4098 651 4162 rebus
669 4096 910 4180 dimuioribuS,
932 4097 1119 4163 secundum
1137 4097 1357 4163 humiliorem

310 4317 358 4367 1.2
375 4323 429 4374 (et)
447 4317 653 4367 dissimilitudo
674 4318 696 4365 G
758 4318 808 4367 'ab'
825 4318 946 4368 mutatio
964 4320 991 4367 Ρ
1051 4320 1067 4368 6
1083 4319 1138 4383 ipsi
1157 4320 1297 4382 (quidem)
1315 4336 1358 4370 ar·

216 4398 345 4450 tifioesG
408 4397 724 4462 Ithomineprosuoh’
783 4398 1134 4457 ldelssdextrummtffl
1201 4402 1231 4450 17
1248 4401 1320 4450 alios
1334 4403 1360 4451 F

213 4480 245 4530 27
262 4492 378 4531 exorccr
392 4477 461 4527 licet
474 4478 501 4527 h*
561 4480 592 4527 ‘28
608 4477 679 4527 alias
696 4478 720 4528 G
