3390 5122
548 428 592 474 on
612 425 852 475 concosmronn
872 424 1053 491 1111010111,
1076 425 1097 472 1.
1338 408 1396 472 107

256 585 311 651 vel
331 583 512 649 numinum
538 584 653 670 sigilla
671 585 882 669 referuntur,
904 607 990 671 quae
1009 606 1080 649 non
1099 607 1140 649 ex
1159 584 1292 649 ratione
1313 608 1397 670 qua-

255 710 334 775 dam
353 710 408 775 vel
427 709 637 795 etymologia
659 710 715 775 vel
736 716 877 794 natura,
897 709 956 776 sed
976 733 1017 774 ex
1037 709 1186 796 simplici
1208 709 1396 775 demanant

254 835 485 901 institutionis
505 834 650 900 decreto.

387 961 445 1024 IV.
471 961 523 1024 Ex
543 960 742 1044 constitute,
762 958 853 1045 quod
872 959 966 1026 aliud
986 961 1029 1026 ab
1046 961 1208 1026 instituto
1226 959 1396 1047 intelligi-

209 1085 229 1149 b
254 1108 344 1170 mus,
362 1108 485 1172 nempe
502 1109 544 1151 ex
566 1108 604 1152 eo
622 1085 713 1171 quod
729 1109 813 1170 rem,
831 1086 1013 1172 negocium
1026 1086 1082 1151 vel
1095 1085 1274 1151 historiam
1288 1108 1397 1171 quan-

253 1210 333 1275 dam
350 1210 586 1295 consequitur;
600 1211 689 1276 sicut
704 1233 766 1298 per
783 1210 909 1275 olivam
923 1210 1158 1297 significamus
1174 1233 1306 1298 pacem,
1322 1232 1393 1275 non

253 1334 334 1422 qnia
353 1335 406 1401 ris
425 1336 481 1401 vel
500 1335 708 1422 significatio
727 1335 822 1423 pacis
839 1335 876 1401 in
892 1335 984 1402 oliva
1003 1337 1049 1402 sit
1067 1360 1129 1424 per
1145 1360 1193 1421 se,
1213 1336 1273 1402 sed
1292 1336 1335 1401 ab
1354 1358 1393 1400 eo

253 1460 344 1543 quod
363 1460 400 1525 in
420 1468 570 1526 mentem
594 1483 792 1527 revocamus
812 1461 1010 1549 apologum,
1031 1484 1099 1547 quo
1122 1461 1395 1528 Atheniensibus

251 1585 435 1673 Neptunus
464 1587 509 1653 ad
531 1610 632 1654 usum
656 1585 739 1652 belli
763 1611 888 1674 equum
908 1613 926 1654 0
946 1596 1038 1654 terra
1061 1588 1212 1654 tridente
1235 1610 1397 1675 percussa

186 1718 229 1781 10
252 1711 341 1777 dono
369 1712 516 1796 dederit,
538 1714 662 1798 quibus
689 1714 848 1779 Minerva
876 1714 1000 1779 tellure
1028 1714 1128 1780 hasta
1155 1712 1297 1801 propria
1321 1736 1397 1800 per-

252 1859 348 1903 cussa
379 1838 506 1904 olivam
537 1839 820 1923 communicarit,
845 1862 933 1924 quae
963 1838 1000 1904 in
1029 1838 1126 1926 pacis
1156 1838 1396 1925 archetypum,

250 1963 374 2028 saltem
393 1987 435 2029 ex
454 1987 493 2029 00
514 1964 605 2051 quod
624 1972 745 2031 contra
764 1965 903 2053 signum
927 1965 1010 2031 belli
1029 1964 1322 2051 distinguebatur,
1342 1964 1398 2029 de-

249 2090 369 2155 voluta
388 2097 449 2155 est.

381 2216 422 2280 V.
447 2215 500 2281 Ex
519 2215 746 2282 similitudine
763 2216 999 2282 fortunae-seu
1017 2216 1124 2298 vitae;
1145 2214 1236 2281 unde
1250 2214 1394 2303 prophe·

183 2338 224 2403 15
248 2347 303 2406 tae
324 2364 365 2405 ex
385 2341 521 2426 iudici0,
537 2365 659 2408 11011011
674 2342 798 2426 furore,
815 2343 1045 2431 perordinem
1061 2342 1164 2408 unius
1183 2341 1321 2429 imperii
1335 2341 1391 2406 vel

248 2467 431 2533 sacerdotii
440 2469 496 2534 001
506 2468 725 2556 reipublicae,
734 2491 821 2554 quac
832 2468 909 2535 aliis
919 2467 1018 2534 seclis
1028 2467 1155 2552 floruit,
1163 2467 1305 2533 alterius
1314 2489 1393 2532 con-

248 2593 407 2658 similiter
418 2594 627 2658 constitutae
643 2594 852 2681 reipublicae
871 2595 926 2659 vel
938 2592 1076 2681 imperii
1095 2592 1271 2659 fortunam
1292 2592 1390 2678 quasi

246 2717 395 2803 propriis
423 2718 601 2784 ordinibus
625 2718 825 2785 examinant
846 2726 880 2784 01
898 2719 1020 2786 maiori
1040 2724 1199 2806 exparte
1219 2717 1390 2783 divinant.

247 2841 314 2907 Sed
337 2838 474 2908 inistis
498 2843 672 2909 interdum
699 2844 841 2909 fortuna
864 2844 967 2910 unius
993 2845 1146 2932 plurium
1171 2843 1388 2909 fortunarum

179 2972 224 3037 20
246 2965 415 3053 imagines
439 2970 713 3056 comprehendit,
734 2969 823 3036 sicut
844 2969 1002 3035 Romana
1021 2970 1161 3036 fortuna
1178 2968 1388 3055 Babylonio-

245 3114 322 3157 rum
342 3101 376 3158 et
396 3095 577 3160 Persarum
597 3103 631 3161 01
651 3094 861 3162 Graecorum
877 3118 1062 3183 regnorum
1082 3117 1152 3161 non
1169 3095 1279 3161 solum
1300 3117 1389 3160 com-

244 3217 429 3303 prehendit
456 3220 702 3305 conditionem,
731 3221 790 3287 sed
813 3220 967 3304 excellit;
991 3215 1107 3287 rerum
1125 3221 1209 3287 110111
1232 3220 1387 3307 publica-

245 3363 321 3408 rum
338 3351 372 3408 et
392 3367 603 3412 summorum
622 3346 837 3412 sacerdotum
861 3346 1095 3413 moderamina
1120 3354 1223 3432 atque
1241 3368 1386 3433 pompas

245 3469 348 3556 longo
367 3472 544 3537 antecellit
563 3472 756 3538 intervallo.
770 3472 817 3538 In
836 3473 995 3538 omnibus
1014 3495 1095 3539 vero
1114 3472 1230 3560 imago
1249 3495 1389 3559 genera·

178 3597 222 3661 25
245 3594 375 3661 lissima
390 3604 425 3660 01
442 3598 680 3684 propriissime
696 3606 748 3664 est
765 3598 967 3665 constitutio
986 3599 1157 3665 humanae
1177 3598 1285 3682 vitae,
1306 3598 1389 3684 quia

246 3721 361 3785 omnia
379 3721 508 3788 habent
528 3723 640 3788 debile
660 3724 851 3807 exordium,
871 3723 1094 3807 adolentiam,
1114 3722 1385 3808 consistentiam,

245 3844 510 3912 declinationem
529 3855 564 3913 01
591 3849 781 3915 interitum.
803 3848 870 3914 Sed
897 3849 1019 3914 horum
1040 3849 1207 3934 quaedam
1231 3848 1279 3913 sic
1304 3855 1385 3914 sunt

245 3982 455 4058 comparata,
474 3981 514 4039 01
534 3974 636 4040 simul
655 3984 737 4041 nata
761 3977 816 4041 vol
839 3976 877 4041 in
899 3975 974 4063 ipsa
994 3975 1167 4041 adolentia
1190 3975 1385 4041 moriantur

245 4103 279 4159 01
302 4097 530 4184 dissipentur,
557 4101 724 4184 quaedam
748 4102 872 4167 aetatis
896 4102 1007 4168 omnis
1031 4102 1147 4189 spacia
1172 4101 1385 4189 compleant,

178 4220 222 4287 30
244 4221 411 4306 quaedam
431 4224 468 4289 in
488 4227 702 4311 quarundam
722 4227 912 4315 specierum
932 4227 1196 4294 similitudinem
1220 4226 1385 4293 brevibus

338 4485 428 4536 itera
443 4486 600 4554 reipublice
648 4489 679 4539 ‘26
695 4487 868 4539 adolentiam
883 4489 940 4539 028
955 4487 1108 4546 adolentia]
1123 4485 1160 4538 110
1207 4487 1239 4537 1111
1255 4486 1385 4553 1100111110
