3390 5122
231 405 271 464 32
671 424 810 468 1011111111
830 424 931 469 unum

229 578 293 643 hac
323 578 457 644 ratione
483 580 553 663 fiet,
580 579 609 644 si
632 580 744 667 primo
775 581 872 667 vulgi
896 580 1074 667 opiniones
1104 579 1369 666 investigentur,

230 704 452 791 colligantur,
477 704 679 771 ordinentur
703 713 738 770 et
760 706 937 772 inhorreo
960 705 1144 771 memoriae
1174 726 1373 771 conserven-

229 838 303 913 tur3
333 831 481 898 secundo
511 831 794 920 philosophorum
823 831 977 898 omnium
1004 837 1065 896 aut
1092 829 1372 918 praecipuorum,

229 956 284 1021 vel
303 979 354 1023 ox„
369 978 486 1022 eorum
515 957 614 1022 libris
642 956 697 1023 vel
720 957 762 1042 (si
780 979 852 1023 non
878 959 1009 1038 extent)
1038 979 1080 1022 ex
1108 955 1256 1022 aliorum
1278 955 1372 1021 fideli

185 1081 205 1145 5
229 1082 395 1149 relatione
418 1082 632 1171 desumptae,
656 1083 844 1171 positiones
864 1081 1177 1170 apprehendantur,
1199 1081 1374 1149 ruminen-

228 1215 303 1291 tur;
322 1208 426 1274 tertio
445 1209 678 1275 membrorum
709 1210 873 1296 cuiusque
897 1209 981 1274 artis
1000 1208 1113 1274 theses
1131 1207 1187 1274 vel
1214 1208 1258 1273 ad
1281 1207 1372 1273 aedi-

227 1332 297 1398 ficii
325 1334 381 1400 vel
413 1334 545 1401 arboris
575 1334 630 1400 vel
654 1341 788 1401 statuae
816 1335 993 1400 cuiusdam
1016 1333 1278 1422 dispositionem
1300 1340 1370 1399 tra-

227 1459 410 1543 ducantur,
435 1460 628 1527 formentur
651 1468 685 1526 et
709 1467 837 1527 certam
865 1482 929 1548 pre
953 1461 1003 1526 rei
1026 1459 1224 1526 conditione
1248 1459 1370 1525 scriem

228 1585 399 1651 asciscant
418 1586 515 1651 iuxta
539 1587 767 1673 multiplicem
790 1587 983 1673 sigillorum
1007 1594 1129 1668 artem,
1152 1584 1156 1674 1
1178 1591 1301 1670 quarto
1330 1608 1370 1651 ea
1398 1593 1528 1658 2οΡ

165 1714 207 1778 10
230 1733 318 1795 quae
342 1711 582 1798 probabilibus
611 1713 696 1800 ipsis
725 1712 993 1795 contrariantur,
1014 1711 1272 1796 adsimilantur,
1293 1732 1371 1798 pro·

228 1838 485 1924 portionantur,
506 1839 624 1904 eodem
644 1839 826 1926 capiantur
845 1839 932 1904 etin
952 1837 1148 1922 catalogum
1167 1835 1371 1922 redigantur

228 1963 348 2028 ordine
361 1964 570 2050 (catalogum
588 1964 744 2050 inquam,
760 1964 895 2049 qualem
914 1987 977 2030 nos
992 1963 1093 2029 nobis
1113 1963 1279 2028 struxisse
1294 1986 1372 2049 pos-

228 2114 359 2176 sumus,
385 2094 445 2177 qui
476 2092 512 2157 in
540 2093 681 2180 propria
706 2093 803 2158 iuxta
821 2093 1099 2180 propositionum
1122 2114 1250 2179 genera
1277 2091 1369 2178 dige-

227 2223 325 2283 ratur
359 2218 525 2301 membra,
562 2218 624 2284 ubi
655 2217 894 2304 physicorum,
930 2218 1127 2302 moralium,
1162 2216 1374 2303 theologico·

163 2341 205 2406 15
228 2364 304 2407 rum
329 2349 570 2427 caeterumque
593 2339 822 2428 negotiorum
841 2342 1005 2429 speciales
1035 2343 1201 2427 cuiusque
1224 2340 1373 2406 subiecti

228 2467 486 2556 praedicatique
502 2467 644 2533 termini
656 2469 904 2552 eontinentur);
925 2469 1048 2554 quinto
1060 2475 1100 2533 ut
1114 2467 1164 2532 ita
1176 2488 1374 2533 consuesca-

229 2586 305 2660 mus
321 2593 619 2680 nosquemetipsos
636 2616 852 2659 exerceamus
871 2594 961 2660 circa
985 2593 1196 2660 universales
1212 2593 1373 2680 probabi·

227 2720 276 2786 les
295 2719 457 2803 rationes,
479 2726 518 2784 ut
537 2742 575 2784 eo
600 2720 841 2786 universalicri
861 2743 928 2807 quo
951 2720 1027 2787 fieri
1049 2728 1165 2808 potest
1188 2720 1371 2786 adsuman-

227 2854 284 2913 tur
302 2848 416 2932 modo,
433 2870 581 2932 moxque
600 2870 663 2935 pro
683 2848 815 2915 viribus
836 2851 840 2932 1
861 2871 1010 2934 eousque
1026 2847 1241 2932 dividantur,
1262 2847 1370 2913 donec
1395 2855 1505 2921 '727
1521 2856 1559 2923 G

128 2989 129 2992 ’
160 2973 270 3039 20111
293 2974 422 3060 species
446 2973 587 3038 ultimas
610 2973 806 3039 noverimus
826 2998 897 3040 esse
921 2974 1116 3039 deventtun.
1140 2974 1194 3038 Ex
1217 2995 1256 3038 eo
1275 2973 1369 3039 enim

227 3099 318 3185 quod
333 3098 566 3186 probabilium
583 3099 858 3185 propositionum
879 3100 1009 3185 speeies
1027 3107 1062 3165 et
1078 3099 1173 3186 ipsae
1189 3108 1270 3165 sunt
1289 3118 1368 3186 pro·

226 3225 371 3309 babileS,
390 3231 509 3312 utpote
529 3247 616 3310 quae
634 3247 654 3289 a
673 3223 907 3311 superioribus
925 3225 1147 3291 continentur
1170 3223 1365 3308 inferiores,

226 3351 311 3418 tales
340 3353 456 3439 plures
493 3358 527 3416 ct
560 3349 678 3416 licebit
709 3350 885 3436 acquirere
914 3351 1177 3438 propositiones
1215 3351 1271 3416 lta
1308 3349 1370 3435 qui

226 3478 411 3565 sumpserit
427 3478 570 3544 eandem
590 3477 827 3564 oppositorum
851 3501 923 3542 esse
940 3477 1173 3564 disciplinam,
1185 3476 1247 3542 ubi
1263 3498 1369 3564 oppo-
1401 3479 1404 3483 ’

159 3619 203 3681 ‘25
226 3606 370 3671 sitorum
396 3604 434 3669 in
457 3603 642 3692 contraria,
671 3604 817 3669 relativa
849 3604 1092 3691 privativaque
1120 3602 1270 3686 dividat,
1290 3624 1369 3667 cum

226 3731 359 3818 copiam
375 3739 450 3795 turn
468 3736 503 3793 ct
522 3729 657 3815 negocii
673 3728 969 3796 confirmationem
989 3735 1224 3814 consequetur.

317 4001 333 4050 3
349 4001 599 4066 Phylosophorum
610 3999 660 4049 ΡΑ
724 4000 915 4050 cadsoiseant
928 3999 952 4047 G
1016 4001 1045 4048 11
1054 4015 1066 4046 c
1075 3999 1105 4047 12
1119 3997 1300 4058 cathalogum
1313 4000 1369 4060 (ca-

224 4084 372 4144 tbalogum
400 4085 428 4132 11
448 4082 561 4131 seconde
586 4082 656 4130 velta
682 4082 717 4144 Ρ)
743 4080 792 4129 ΡΑ
875 4082 904 4129 15
931 4087 1167 4143 caeterorumque
1194 4095 1319 4144 correppe
1343 4079 1368 4127 G

225 4169 256 4214 lt
285 4165 465 4229 prdicatique
490 4163 516 4211 P
594 4164 625 4210 22
653 4161 858 4212 contineantur
883 4163 907 4211 (s'
984 4162 1016 4210 23
1044 4168 1074 4210 et
1099 4160 1196 4225 plures
1223 4159 1323 4208 licebit
1343 4159 1369 4208 G

225 4248 264 4297 21.
275 4248 307 4296 ‘25
318 4247 396 4311 forse
414 4246 464 4296 ubi
481 4244 614 4310 opposita
675 4244 707 4292 26
723 4243 832 4307 negotii
847 4242 871 4293 G
