3390 5122
320 384 359 441 62
760 397 900 442 roanaxr
921 398 1024 443 namu

320 557 439 640 rioque
458 555 612 620 subiecto
635 554 692 620 vel
709 554 918 641 praedicato.
942 554 1135 641 Trigesimo
1159 555 1188 618 si
1211 555 1397 641 capiantur
1420 555 1461 619 de

320 703 389 745 uno
407 680 562 746 subiecto
575 679 677 745 ambo
696 681 879 745 contraria.
896 679 1202 767 Trigesimoprimo
1219 680 1249 744 si
1268 679 1310 744 de
1328 679 1464 744 duobus

320 805 503 872 contrariis
519 804 682 871 subiectis
698 804 926 891 praedicatur.
943 805 1287 891 Trigesimosecundo
1304 806 1332 870 si
1349 805 1464 870 coniu-

319 939 402 1018 gata
413 939 495 996 sunt
506 929 747 1013 accidentalia3
762 928 820 995 sed
835 953 917 995 cave
931 930 996 995 hio.
1008 929 1306 1016 Trigesimotertio
1325 931 1354 995 si
1370 931 1465 996 simi-

276 1056 296 1117 ἴ)
320 1057 367 1121 lia
386 1056 547 1121 similiter
565 1079 600 1120 se
619 1055 770 1121 habeant
793 1063 828 1120 et
851 1055 1125 1143 proportionalia
1147 1056 1464 1143 proportionaliter.

320 1181 639 1267 Trigesimoquarto
652 1181 762 1246 sinon
775 1187 826 1245 est
837 1180 942 1246 unius
953 1181 1003 1246 rei
1016 1203 1132 1264 unum,
1146 1181 1362 1247 considerato
1372 1181 1464 1268 quod

320 1306 423 1371 unius
442 1306 492 1371 rei
509 1329 579 1371 una
593 1314 645 1370 est
664 1305 871 1386 substantia,
892 1305 1056 1391 essentia,
1076 1306 1327 1392 essentialeque
1345 1329 1465 1371 unum.

321 1432 639 1520 Trigesimoquinto
668 1431 697 1497 si
728 1431 946 1497 anteceditur
971 1431 1015 1497 ab
1046 1431 1162 1517 aliquo
1189 1432 1245 1498 cui
1275 1431 1463 1512 tribuatur,

322 1558 351 1622 si
383 1558 545 1623 videlicet
579 1557 803 1643 consequitur
830 1580 902 1622 esse
934 1557 1076 1623 alterius
1099 1565 1277 1643 tamquam
1308 1556 1465 1622 subiecti.

258 1680 300 1741 10
322 1684 614 1769 Trigesimoeexto
644 1684 674 1748 si
704 1682 846 1748 advenit
869 1684 920 1748 rei
949 1683 1018 1749 iam
1037 1683 1201 1748 existenti
1224 1683 1262 1748 in
1284 1690 1373 1748 actu.
1394 1683 1468 1747 Tri-

322 1809 605 1896 gesimoseptimo
635 1809 664 1873 si
696 1809 860 1874 accedens
893 1830 964 1872 non
993 1808 1177 1874 constituit
1209 1807 1367 1895 speciem.
1396 1807 1470 1871 Tri-

321 1933 576 2019 gesimooctavo
604 1933 633 1999 si
660 1934 821 1999 recedens
855 1933 952 1999 illam
985 1956 1055 1998 non
1080 1933 1173 1999 tollit
1202 1955 1314 2020 neque
1343 1933 1466 1999 variat.

324 2059 608 2145 Trigesimonono
640 2060 668 2124 si
687 2081 758 2124 non
782 2066 834 2124 est
852 2081 912 2124 ens
931 2059 1148 2146 simpliciter,
1177 2058 1236 2124 sed
1254 2081 1316 2145 per
1334 2080 1467 2146 compa-

323 2185 501 2250 rationem.
516 2184 785 2270 Quadragesimo
798 2185 827 2248 si
837 2184 997 2249 accidens
1010 2207 1080 2250 non
1093 2184 1179 2249 facit
1194 2183 1268 2268 hoc,
1281 2183 1340 2249 sed
1351 2182 1468 2248 huius·

259 2314 299 2376 15
322 2309 416 2375 modi
434 2310 546 2395 magis
566 2310 620 2375 vel
639 2309 770 2393 minus;
794 2309 905 2395 magis
929 2310 1022 2374 enim
1045 2317 1150 2394 atque
1173 2309 1288 2374 minus
1312 2332 1383 2375 non
1407 2332 1467 2374 va·

323 2434 418 2499 riant
447 2435 604 2522 speciem.
635 2435 1020 2521 Quadragesimoprimo
1053 2434 1083 2499 si
1116 2433 1184 2500 alio
1215 2440 1267 2500 est
1293 2433 1466 2517 accidenS,
1512 2424 1521 2443 '

323 2560 393 2625 tale
411 2558 492 2625 huic
511 2582 580 2625 non
599 2560 728 2647 poterit
743 2560 925 2626 essentiale
943 2582 1024 2625 esse.
1044 2559 1467 2645 Quadragosimoseouudo

324 2685 353 2751 si
372 2685 489 2751 ablato
508 2685 583 2773 ipso
602 2686 798 2752 substantia
817 2708 929 2772 neque
948 2685 1085 2751 tollitur
1107 2707 1219 2770 neque
1244 2685 1466 2769 diminuitur,

324 2819 359 2876 et
376 2834 439 2898 per
454 2811 528 2877 eius
543 2834 716 2877 accessum
731 2832 802 2877 non
818 2811 961 2898 ponitur
978 2833 1082 2894 nova,
1100 2833 1211 2896 neque
1227 2810 1374 2895 antiqua
1390 2811 1470 2875 sub-

258 2941 302 3003 20
324 2937 454 3003 stantia
473 2937 672 3023 adaugetur.
693 2937 1070 3024 Quadragesimotertio
1087 2935 1116 3002 si
1135 2935 1179 3001 ad
1198 2936 1335 3001 nullum
1351 2934 1467 3001 modo-

254 3069 256 3075 '
325 3085 414 3147 rum,
439 3063 564 3149 quibus
590 3063 786 3128 substantia
816 3062 956 3145 (liciam,
982 3062 1161 3128 referatur.
1183 3061 1469 3147 Quadragesimo·

325 3194 449 3272 quarto
479 3188 509 3253 si
539 3188 612 3255 eius
640 3188 796 3254 definitio
824 3188 879 3252 rel
909 3188 1023 3274 ipsum
1057 3211 1129 3253 non
1158 3211 1264 3253 unam
1293 3186 1468 3273 significat

324 3312 564 3379 intentionem.

705 3517 837 3583 Aduo
869 3517 1088 3583 GENERIS.

781 3860 808 3926 I.
832 3861 1018 3926 Mauaavu.

416 4067 498 4131 Mox
517 4091 558 4131 ex
577 4066 666 4133 atrio
685 4088 747 4154 per
765 4067 900 4155 proprii
925 4066 1015 4154 septi
1042 4073 1180 4153 portam
1208 4063 1252 4130 ad
1271 4086 1394 4152 agrum
1413 4087 1471 4152 ge·

327 4192 420 4256 neris
447 4193 639 4278 egredienti
668 4192 710 4257 ad
730 4193 907 4258 dexteram
927 4191 1065 4278 quidem
1086 4214 1145 4256 eae
1173 4191 1325 4256 rationes
1353 4213 1470 4257 occur·

419 4384 435 4431 9
451 4388 588 4449 tanquam
601 4381 652 4433 AG
716 4383 747 4432 16
763 4383 812 4432 alii
825 4382 932 4431 colenda
948 4382 970 4430 G
977 4418 985 4441 ,
1000 4381 1046 4429 che
1061 4381 1096 4428 lm
1105 4378 1232 4444 appirntto
1242 4380 1270 4428 la
1279 4379 1385 4444 caryota
1399 4379 1469 4444 dopo

329 4464 462 4515 accidens
527 4467 557 4514 la
573 4464 590 4514 l.
606 4463 784 4515 deminuitur
