3390 5122
529 439 574 480 DE
595 436 838 480 connosr'rlonn
860 434 1040 495 intitulavit,
1063 435 1083 476 1.

236 596 473 683 Conrpositum
494 593 598 659 faciet
617 593 786 679 quidquid
806 599 970 679 concepta
990 593 1112 678 ligura,

235 723 434 804 Personam,
456 721 614 800 verbum,
635 740 763 801 casum,
784 740 1033 802 numerumque
1053 740 1238 803 genusque.

689 975 841 1039 CAPVT
875 975 920 1038 X.

480 1123 514 1161 Do
528 1121 666 1169 imaginibus
681 1120 801 1159 vorborum
817 1130 857 1160 scu
872 1129 952 1158 vocum
966 1124 989 1159 ct
1003 1119 1137 1160 dictionum.

191 1318 211 1380 5
326 1313 425 1391 Quod
443 1336 524 1380 vero
550 1313 593 1378 ad
617 1334 742 1377 vocum
769 1319 803 1376 et
832 1311 1017 1377 verborum
1048 1311 1218 1398 imagines
1242 1312 1380 1395 attinet,

234 1440 407 1504 neminem
427 1440 513 1504 latet
536 1444 576 1503 ut
601 1438 711 1503 velut-i
736 1436 842 1503 verba
867 1443 972 1520 atquo
1001 1458 1102 1501 voces
1125 1436 1272 1522 figuram
1297 1437 1383 1502 obti-

234 1570 319 1629 nent
335 1564 480 1647 nullam,
499 1564 548 1628 ita
564 1586 628 1628 neo
647 1563 753 1628 etiam
765 1585 827 1649 per
846 1585 881 1627 se
900 1584 940 1626 ac
958 1561 1069 1627 veluti
1087 1562 1236 1649 propriis
1253 1561 1381 1627 iudica·

234 1688 332 1754 toriis
357 1711 470 1753 rerum
495 1687 711 1753 sensibilium
735 1687 856 1752 formis
880 1686 1110 1774 explicantur,
1133 1710 1218 1771 quae
1241 1688 1379 1774 proprie

235 1835 306 1879 non
322 1815 360 1879 in
379 1836 504 1900 genere
520 1813 726 1900 imaginum,
747 1812 806 1878 sed
818 1820 980 1877 notarum
992 1820 1095 1897 atque
1111 1812 1288 1897 signorum
1302 1835 1377 1878 con-

140 1999 146 2010 ,
172 1939 214 2003 10
237 1940 405 2019 tinentur3
437 1939 663 2004 nihilominus
692 1945 809 2003 tamen
836 1946 871 2002 et
900 1936 1049 2002 nominis
1081 1937 1176 2002 illius
1205 1938 1377 2003 rationem

235 2063 448 2148 adducimus²
479 2063 570 2149 quod
604 2062 736 2128 scilicet
766 2063 822 2126 hic
852 2084 922 2127 non
953 2062 1116 2127 dicuntur
1139 2063 1310 2149 imagines
1336 2086 1378 2128 ex

235 2190 369 2254 ratione
388 2212 503 2254 rerum
522 2189 807 2273 significat-arum,
828 2188 886 2253 sed
903 2190 1020 2274 potius
1040 2210 1081 2252 ex
1100 2189 1254 2275 ipsarum
1273 2189 1379 2275 signi·

235 2313 415 2379 ficantium
447 2314 653 2379 conditione.
678 2314 798 2398 Neque
825 2313 954 2378 etenim
984 2313 1174 2400 scripturae
1197 2320 1314 2400 partes
1344 2320 1378 2379 at

235 2439 404 2505 dictiones
423 2440 515 2527 ipsas
539 2439 710 2505 similibus
730 2439 857 2524 quihus
876 2439 914 2502 in
938 2461 1071 2525 papyro
1097 2439 1309 2504 delineamus
1332 2439 1376 2506 si·

170 2562 211 2626 15
234 2566 313 2652 gnis
338 2566 514 2632 commode
540 2589 602 2652 per
625 2565 833 2651 imaginaria
856 2565 969 2629 media
993 2586 1172 2652 possumus
1192 2566 1376 2652 explicare,

234 2691 301 2757 nisi
325 2715 439 2757 rorum
458 2690 674 2758 sensibilium
696 2690 837 2774 formas,
858 2712 945 2776 qnae
965 2690 1134 2776 imagines
1159 2698 1240 2756 sunt
1259 2713 1376 2757 earum

234 2839 319 2901 quae
339 2817 376 2882 in
394 2826 518 2883 natura
532 2816 588 2882 vel
603 2838 665 2903 per
685 2821 794 2882 artem
814 2816 1011 2881 consistunt
1030 2825 1064 2880 et
1083 2816 1191 2881 oculis
1211 2816 1378 2882 obiiciun-

234 2948 303 3025 tur‚
328 2941 518 3007 vivaciores
548 2964 776 3022 assumamus3
795 2941 941 3027 ideoque
968 2941 1137 3028 imagines
1166 2963 1237 3006 non
1265 2941 1308 3006 ad
1337 2964 1376 3007 ea

235 3068 377 3152 quaein
406 3067 583 3154 proposito
609 3067 822 3154 significant,
843 3066 902 3132 sed
927 3067 971 3132 ad
999 3089 1038 3131 ea
1062 3090 1104 3132 ex
1129 3067 1253 3152 quibus
1273 3067 1377 3153 signi·

167 3199 211 3263 ‘20
234 3192 339 3258 fleant
364 3193 508 3258 collatae
528 3200 784 3280 nuncupantur.
799 3195 888 3259 Utut
907 3192 1000 3258 enim
1019 3193 1078 3278 sit,
1102 3200 1269 3279 perpetuo
1289 3193 1376 3258 tales

233 3324 368 3404 oportet
384 3324 649 3404 praeconceptas
669 3325 703 3382 ct
722 3317 912 3383 destinatas
932 3341 1004 3382 esse
1024 3318 1167 3403 species,
1188 3318 1306 3402 quales
1326 3318 1375 3383 ita

232 3445 354 3508 horum
367 3449 511 3529 posenni
527 3466 599 3508 esse
615 3443 728 3528 signa,
742 3451 781 3508 ut
798 3449 831 3507 et
851 3443 989 3507 illorum
1002 3442 1205 3528 simpliciter
1220 3445 1275 3509 vel
1288 3466 1377 3509 com·

232 3569 343 3654 posite
362 3576 599 3654 susceptorum
619 3568 802 3633 simulacra
823 3566 1023 3632 consistant.

322 3693 468 3770 Quidam
492 3693 536 3757 ad
555 3694 746 3778 scripturae
772 3693 1060 3779 complementum
1085 3693 1269 3758 commenti
1294 3701 1374 3758 sunt

165 3823 208 3886 25
232 3841 362 3904 organa
381 3819 547 3903 quaedam
568 3826 671 3902 atque
690 3818 934 3903 instrumenta,
960 3818 1015 3883 vel
1039 3818 1251 3882 naturalium
1271 3818 1374 3882 inter-

232 3948 313 4012 dum
333 3947 497 4031 quasdam
513 3969 627 4011 rerum
646 3945 789 4033 species,
808 3967 896 4030 quae
913 3944 956 4008 ad
970 3944 1206 4009 characterum
1225 3943 1372 4029 figuram

232 4073 374 4160 propius
402 4073 562 4137 accedere
586 4070 805 4152 videbantur,
828 4070 880 4135 uti
905 4069 1048 4157 sphaera
1073 4069 1304 4134 characterem
1328 4068 1371 4153 O,

232 4199 323 4263 scala
335 4197 390 4261 vel
404 4197 531 4261 circino
545 4196 585 4279 A,
600 4197 760 4262 columna
772 4197 798 4279 Ι,
813 4195 905 4260 iuter
916 4195 1000 4260 <luas
1018 4194 1131 4260 furcas
1144 4216 1308 4281 suspenso
1319 4195 1370 4278 M,

239 4390 365 4397 ...—--.
383 4390 386 4394 .
404 4389 529 4394 ----.
558 4389 669 4394 .---i.-.
705 4388 859 4393 .-.,.....-.-
888 4387 910 4392 --
927 4387 1071 4393 -----—-..
1118 4388 1147 4393 ...
1171 4389 1178 4394 .
1205 4388 1368 4395 -.--—.-.

323 4478 402 4528 1216
418 4477 646 4540 significatarum
662 4474 880 4540 (sed-formas)
896 4490 968 4540 quac

364 4574 439 4612 hacsi
458 4573 511 4619 opp.
524 4574 564 4609 lut.
578 4571 608 4620 11,
620 4571 641 4610 3.
