3390 5122
564 426 608 470 nu
629 425 869 472 courosmroua
890 425 1071 490 1111011111,
1095 428 1114 472 1.
1348 414 1405 473 103

266 581 436 671 parietem
446 582 619 670 appingit,
633 582 811 669 speculum
826 604 1014 648 concavum
1030 582 1110 648 solis
1128 590 1231 668 atque
1242 566 1408 648 111111011-

266 707 398 773 diesin
416 730 523 774 unum
539 715 695 774 centrum
715 708 825 773 veluti
850 708 1014 793 colligans
1035 707 1220 773 eorundem
1240 707 1406 772 virtutem

262 833 452 920 participat
481 833 660 918 efficacius,
682 832 855 899 conoidali
873 833 986 919 figura
1009 832 1227 898 efformatum
1251 832 1407 898 foramen

264 980 379 1023 rerum
404 981 491 1043 quae
515 959 643 1023 circum
667 958 757 1023 fiunt
771 965 817 1022 ·et
840 965 1024 1023 moventur
1043 957 1172 1045 species
1195 957 1233 1022 in
1257 957 1408 1023 tenebris

220 1087 241 1149 5
264 1084 376 1171 fingit.
393 1083 498 1149 Tanti
517 1083 684 1149 momenti
713 1089 766 1148 est
795 1082 916 1168 figura.

353 1208 532 1274 Accedunt
545 1209 747 1274 caelestium
758 1208 900 1273 effectus
911 1207 1143 1295 potentissimi
1158 1207 1407 1292 considerandi,

265 1334 381 1422 quiin
401 1333 599 1400 cardinibus
616 1333 771 1417 orientis,
792 1332 979 1399 occidentis
998 1339 1033 1398 et
1051 1332 1207 1399 meridiei
1226 1333 1407 1417 virtutem,
1500 1362 1506 1377 ·

264 1458 475 1545 principium
500 1465 535 1523 et
557 1457 806 1545 perfectionem
830 1457 1009 1545 concipere
1038 1463 1228 1523 censentur.
1253 1457 1345 1523 Hinc
1368 1481 1407 1524 ea

265 1609 353 1672 quae
379 1585 420 1650 de
448 1584 702 1669 solstitialibus
735 1583 1058 1669 aequinoctialibus,
1083 1584 1216 1650 mediae
1244 1584 1313 1650 diei
1340 1607 1408 1650 me-

201 1710 243 1773 10
265 1712 410 1796 diaeque
433 1710 545 1775 noctis
564 1710 717 1797 punctis,
738 1710 774 1774 in
794 1709 920 1794 quibus
936 1731 972 1774 se
992 1709 1111 1775 circuli
1134 1708 1280 1776 maiores
1303 1709 1408 1774 inter-

267 1844 397 1920 secant,
422 1836 588 1923 astrologi
612 1843 646 1901 et
670 1835 781 1901 omnis
800 1836 936 1922 generis
956 1835 1067 1902 divini
1085 1858 1300 1923 summopere
1321 1858 1408 1902 com·

267 1962 440 2049 mendant.
454 1961 555 2028 Unde
567 1984 683 2026 cruces
696 1959 785 2044 illae,
798 1959 878 2026 illae
890 1961 928 2025 in
946 1960 1135 2045 quadriviis
1148 1961 1408 2027 excantationes

266 2096 301 2153 01
324 2086 576 2172 invocationes,
593 2086 654 2151 illa
669 2085 754 2151 item
773 2093 929 2173 tempora
948 2086 1072 2172 quibus
1090 2087 1174 2153 luna
1196 2087 1253 2152 vel
1277 2086 1329 2152 sol
1350 2087 1406 2152 vel

266 2219 378 2278 certus
401 2212 543 2299 planeta
573 2211 611 2276 in
639 2217 786 2297 quatuor
816 2211 1021 2298 angulorum
1051 2212 1248 2277 coeuntium
1276 2210 1408 2298 synodo

202 2333 243 2396 15
266 2337 497 2403 constituitur.

353 2463 445 2527 Hinc
464 2462 556 2527 hisce
580 2463 701 2548 figuris
725 2461 942 2546 muniuntur,
959 2469 998 2527 ut
1022 2484 1057 2528 se
1080 2461 1269 2527 defendant
1288 2462 1331 2527 ab
1350 2462 1409 2527 ad·

266 2588 389 2672 versis,
411 2587 584 2653 contraria
609 2588 820 2675 propellant,
839 2586 973 2652 favores
998 2585 1065 2652 sibi
1088 2586 1272 2653 concilient
1295 2610 1409 2654 rerum

267 2713 503 2779 assistentium
519 2720 554 2778 ct
574 2713 802 2799 superiorum,
827 2711 958 2778 atalia.

354 2838 430 2902 Hoc
449 2837 540 2922 quod
556 2836 698 2924 physice
724 2836 798 2901 fieri
817 2836 986 2921 videmus,
1003 2859 1067 2902 nec
1085 2836 1203 2903 divine
1220 2839 1408 2920 contemni;

199 2969 243 3032 20
266 2963 328 3046 ita,
343 2964 431 3028 sicut
442 2964 546 3050 paulo
563 2970 643 3028 11110
660 2962 849 3046 innuimus,
865 2961 969 3028 etiam
985 2961 1202 3032 rationaliter
1214 2962 1258 3028 ad
1270 2963 1406 3048 mentis,

266 3087 477 3172 intellectus,
509 3087 655 3153 rationis
684 3095 788 3172 atque
816 3110 935 3153 sensus
959 3087 1096 3153 demum
1125 3087 1406 3155 informationem

266 3212 378 3278 facere
401 3213 577 3295 videntum
598 3212 689 3277 unde
712 3213 875 3297 veritate,
896 3212 961 3278 etsi
984 3235 1055 3278 non
1078 3219 1172 3279 certa
1195 3212 1354 3299 scientia,
1375 3221 1410 3280 01

267 3344 408 3425 11110111
426 3339 559 3404 ratione
583 3345 720 3404 coactus
743 3338 829 3403 dicit
849 3337 1068 3404 Aristoteles:
1089 3344 1225 3425 oportet
1248 3339 1334 3405 scire
1352 3361 1410 3406 vo·
1434 3351 1494 3414 10

267 3463 396 3528 lentem
418 3463 663 3550 phantasmata
687 3462 871 3549 speculari,
895 3462 1091 3548 intelligere
1114 3464 1198 3528 item
1218 3470 1279 3529 aut
1302 3464 1409 3552 phan-

201 3594 243 3656 ‘25
267 3588 391 3653 tesiam
419 3611 491 3653 esse
520 3597 580 3653 aut
609 3586 832 3675 phantasiare
860 3587 1033 3673 quiddam.
1060 3589 1210 3674 Ideoque
1237 3611 1308 3655 non
1335 3591 1408 3656 sine

269 3712 389 3778 formis
407 3713 611 3797 quibusdam
631 3737 691 3779 seu
708 3713 838 3799 figuris,
859 3736 945 3798 quae
964 3736 1025 3800 per
1044 3737 1163 3781 sensus
1183 3723 1342 3782 externos
1366 3716 1408 3782 ab

269 3837 413 3903 obiectis
437 3838 661 3903 sensibilibus
685 3838 927 3925 concipiuntur
950 3845 985 3904 et
1007 3840 1045 3904 in
1063 3839 1286 3906 interioribus
1311 3841 1411 3908 eollo·

272 3970 394 4028 cantur
413 3969 517 4047 atque
536 3962 754 4049 digeruntur,
771 3963 1007 4050 operationem
1023 3963 1174 4049 aliquam
1190 3973 1333 4032 naturae
1352 3989 1411 4033 no·

271 4095 362 4152 strae
381 4087 642 4153 convenientem
661 4087 823 4176 perficere
841 4109 940 4176 posse
960 4089 1206 4176 cognoscimus,

201 4222 246 4288 30
357 4212 470 4278 Multa
494 4221 575 4279 sunt
595 4236 682 4298 quae
702 4213 745 4279 ad
763 4215 1002 4300 subsequentis
1027 4215 1240 4283 differentiae
1265 4217 1411 4284 elucida-

1294 4355 1401 4364 ——--

359 4398 506 4448 2eorr'rdo
569 4400 857 4465 bsequinotialibus
920 4404 951 4452 18
974 4405 1154 4468 superiorum
1175 4411 1204 4454 01
1279 4406 1409 4456 nisenus

270 4480 303 4529 22
319 4480 441 4530 10111110
456 4486 484 4530 01
497 4478 591 4530 sinon
604 4488 683 4531 00111
695 4479 818 4531 scientie
832 4489 861 4532 01
922 4484 953 4531 24
969 4484 1121 4547 speculari.
1135 4484 1303 4548 Intelligere
