3390 5122
529 424 573 468 un
595 419 837 468 couuosimoun
860 418 1041 480 innomine,
1064 417 1110 463 111.
1317 400 1376 458 299

238 579 385 666 Frigens
404 585 439 644 et
459 574 621 661 calidum,
642 575 765 642 deinde
783 575 865 641 hinc
881 574 1029 661 spissum
1048 578 1082 638 et
1101 578 1217 654 tenue;
1238 570 1319 636 inde

239 704 411 770 Gonnexis
430 727 472 768 ex
492 704 534 769 iis
554 709 658 788 atque
676 725 747 768 une
766 699 1012 788 complicitctis

237 830 281 895 In
297 830 433 917 cyclum
452 851 567 894 rerum
586 833 735 916 surgunt
751 826 950 893 discrimino
967 847 1110 912 semper.

328 1054 346 1102 u
373 1027 505 1107 Differt
519 1040 563 1106 ab
582 1039 716 1124 arbore,
744 1040 825 1126 quio
844 1038 956 1125 figura
974 1038 1058 1104 haec
1081 1038 1185 1124 plana
1211 1037 1326 1102 clauso
1350 1039 1384 1100 et

196 1166 216 1230 5
240 1165 389 1234 rotunde
410 1172 475 1252 est,
495 1166 556 1232 illa
575 1188 656 1233 vero
675 1187 746 1231 non
762 1164 914 1252 regulari
930 1168 982 1229 est
1001 1161 1212 1247 definitoque
1235 1159 1384 1226 termino

240 1292 360 1359 solida.

330 1431 346 1478 τι
373 1418 587 1495 Quadratum
606 1439 687 1482 vero
706 1417 901 1503 encyclium
917 1414 1029 1502 primo
1049 1413 1139 1479 circu
1162 1435 1271 1477 unum
1291 1411 1385 1498 capit

240 1542 408 1608 terminos
428 1548 591 1629 quatuor,
610 1541 759 1607 secundo
779 1541 869 1606 circa
895 1540 1052 1625 singulos
1076 1538 1216 1603 illorum
1237 1544 1387 1622 quatuor

242 1666 422 1750 secundos⁷
445 1668 551 1732 tertio
574 1666 666 1733 circa
686 1666 841 1752 singulos
862 1672 1010 1750 quotuor
1033 1663 1261 1730 secundorum
1287 1669 1387 1747 quat-

177 1797 220 1860 10
243 1798 322 1858 tuor
340 1792 425 1858 ulios
444 1791 574 1857 tertios.

331 1993 381 2060 Ut
397 1992 527 2076 circum
544 1993 649 2057 solem
669 1998 817 2079 quatuor
833 1999 915 2057 sunt
935 2012 1077 2078 corporo
1093 1990 1211 2070 lunae,

244 2117 398 2195 Quorum
416 2117 563 2204 puniceo
583 2116 766 2205 splendens
787 2117 873 2182 cluit
888 2115 975 2181 illud
995 2116 1038 2181 ub
1056 2121 1148 2198 ortu,

243 2243 273 2307 E
292 2242 432 2328 regione
447 2241 541 2307 uliud
561 2264 629 2327 quo
648 2244 698 2308 sol
717 2249 822 2330 ceput
840 2241 939 2308 obdit
957 2241 995 2306 in
1014 2240 1129 2322 undis,

245 2367 320 2433 Hoc
339 2366 399 2432 ubi
419 2368 469 2432 sol
488 2367 622 2454 positus
641 2375 835 2434 contractas
856 2366 1007 2455 concipit
1026 2365 1149 2445 undas,

182 2487 223 2550 15
246 2492 394 2559 Finibus
412 2500 464 2558 est
483 2493 654 2579 reliquum
673 2493 825 2559 adversis
844 2467 1115 2579 Erymanthidos
1135 2510 1253 2570 ursae3

246 2618 357 2683 Deiuo
376 2626 525 2703 quatuor
543 2619 659 2684 stelles
678 2618 784 2684 nitidi
803 2640 898 2684 soror
922 2617 1057 2683 aemulo
1078 2614 1208 2680 Phoebi
1233 2692 1236 2697 ⁸

247 2741 376 2808 Ordine
395 2765 550 2829 quaeque
569 2765 647 2809 suas
666 2745 794 2809 circum
814 2742 979 2809 describit
1004 2740 1121 2809 eodem

245 2866 403 2933 Luminis
422 2868 460 2932 in
479 2868 603 2933 molem
619 2867 773 2934 basilisci
794 2868 953 2954 oculique
972 2866 1125 2948 iuvenci;

246 2992 363 3080 Signis
382 2994 513 3059 interea
532 2994 674 3082 paribus
694 2993 1037 3081 submultiplicuntur

178 3123 223 3186 20
246 3118 444 3202 Quaelibet,
464 3125 503 3184 ut
522 3118 668 3184 totidem
687 3141 820 3206 semper
837 3118 1073 3184 conformibus
1090 3124 1170 3205 apte
1216 3147 1219 3152 ’

246 3244 417 3326 Vallutur³
440 3244 549 3310 veluti
568 3245 692 3329 cuique
707 3252 760 3310 est
779 3267 840 3310 sue
859 3267 962 3310 ceusu
979 3250 1157 3329 quaterno.

247 3370 328 3435 Mox
348 3377 496 3455 quatuor
515 3371 658 3458 cupiunt
674 3371 824 3441 rationes
844 3370 1001 3456 singulae
1020 3391 1138 3435 earum

247 3495 430 3579 Divina-m,
450 3495 643 3583 physicum,
663 3496 826 3581 logicam,
844 3495 1090 3582 propriumque
1110 3492 1267 3558 Muthcsi.

248 3621 300 3685 Ac
318 3620 415 3707 prius
435 3628 486 3686 est
501 3621 653 3708 primurn
672 3619 765 3706 quod
783 3620 951 3697 terminus
958 3672 969 3703 „
985 3627 1095 3699 ortus,
1118 3619 1229 3704 orig0‚

181 3746 224 3811 25
247 3745 323 3810 Hoc
339 3745 494 3830 sequitur
512 3745 677 3827 medium,
696 3767 820 3831 nempe
837 3745 943 3829 actio,
963 3752 1077 3810 motus
1097 3743 1250 3827 iterque,

248 3870 333 3935 Inde
354 3892 440 3957 opus
456 3878 508 3936 est
525 3877 691 3956 tanquam
711 3870 790 3936 finis
810 3894 870 3937 seu
888 3870 1056 3936 terminus
1073 3869 1111 3934 in
1130 3890 1246 3954 quem,

249 3995 352 4061 Hunc
371 3995 527 4082 sequitur
546 3994 701 4062 formans
719 4019 834 4062 rerum
853 3995 1032 4084 conceptio
1052 4003 1213 4060 mentem.

251 4120 345 4197 Quae
364 4121 503 4208 proprio
524 4121 734 4208 cupiuntque
752 4122 853 4186 modo
872 4122 1065 4209 praedicte,
1086 4142 1150 4185 neo
1169 4117 1253 4206 ipsis

249 4247 367 4331 Atque
386 4245 464 4312 aliis
482 4246 607 4312 desunt
624 4247 720 4312 mille
738 4247 905 4314 ulteriore
924 4253 1101 4333 quaterno.

345 4465 561 4533 bdeeinitoque
625 4467 656 4517 15
671 4466 868 4518 Erimuntidos
932 4466 1281 4532 1ssubmu1tip1icantur
