<?xml version="1.0" encoding="UTF-8"?>
<!DOCTYPE html PUBLIC "-//W3C//DTD XHTML 1.0 Transitional//EN"
    "http://www.w3.org/TR/xhtml1/DTD/xhtml1-transitional.dtd">
<html xmlns="http://www.w3.org/1999/xhtml" xml:lang="en" lang="en">
 <head>
  <title>
</title>
<meta http-equiv="Content-Type" content="text/html;charset=utf-8" />
  <meta name='ocr-system' content='tesseract 3.04.00' />
  <meta name='ocr-capabilities' content='ocr_page ocr_carea ocr_par ocr_line ocrx_word'/>
</head>
<body>
  <div class='ocr_page' id='page_1' title='image "./jordanibruninol00brungoog_0217.png"; bbox 0 0 3390 5122; ppageno 0'>
   <div class='ocr_carea' id='block_1_1' title="bbox 753 398 1014 443">
    <p class='ocr_par' dir='ltr' id='par_1_1' title="bbox 753 398 1014 443">
     <span class='ocr_line' id='line_1_1' title="bbox 753 398 1014 443; baseline 0 -2"><span class='ocrx_word' id='word_1_1' title='bbox 753 400 891 443; x_wconf 72' lang='lat' dir='ltr'>lOssDANI</span> <span class='ocrx_word' id='word_1_2' title='bbox 912 398 1014 442; x_wconf 74' lang='lat' dir='ltr'>Brevn&#39;l</span> 
     </span>
    </p>
   </div>
   <div class='ocr_carea' id='block_1_2' title="bbox 252 552 1588 3143">
    <p class='ocr_par' dir='ltr' id='par_1_2' title="bbox 315 552 1588 893">
     <span class='ocr_line' id='line_1_2' title="bbox 446 552 1461 639; baseline -0.005 -18"><span class='ocrx_word' id='word_1_3' title='bbox 446 557 510 621; x_wconf 89' lang='grc' dir='ltr'>ΠΙ.</span> <span class='ocrx_word' id='word_1_4' title='bbox 532 584 548 630; x_wconf 69' lang='lat' dir='ltr'>u</span> <span class='ocrx_word' id='word_1_5' title='bbox 573 557 636 621; x_wconf 89' lang='lat' dir='ltr'>Vir</span> <span class='ocrx_word' id='word_1_6' title='bbox 656 556 699 620; x_wconf 81' lang='lat' dir='ltr'>ed</span> <span class='ocrx_word' id='word_1_7' title='bbox 731 555 934 622; x_wconf 86' lang='lat' dir='ltr'>dormientis</span> <span class='ocrx_word' id='word_1_8' title='bbox 966 554 1123 639; x_wconf 84' lang='lat' dir='ltr'>coniugis</span> <span class='ocrx_word' id='word_1_9' title='bbox 1155 554 1261 618; x_wconf 84' lang='lat' dir='ltr'>ubera</span> <span class='ocrx_word' id='word_1_10' title='bbox 1289 552 1461 617; x_wconf 79' lang='lat' dir='ltr'>infantem</span> 
     </span>
     <span class='ocr_line' id='line_1_3' title="bbox 316 677 1588 765; baseline 0 -19"><span class='ocrx_word' id='word_1_11' title='bbox 316 685 348 764; x_wconf 65' lang='lat' dir='ltr'>et</span> <span class='ocrx_word' id='word_1_12' title='bbox 359 680 490 746; x_wconf 91' lang='lat' dir='ltr'>lienum</span> <span class='ocrx_word' id='word_1_13' title='bbox 503 681 696 762; x_wconf 78' lang='lat' dir='ltr'>admovere,</span> <span class='ocrx_word' id='word_1_14' title='bbox 712 681 801 745; x_wconf 78' lang='lat' dir='ltr'>circu</span> <span class='ocrx_word' id='word_1_15' title='bbox 815 703 900 765; x_wconf 79' lang='lat' dir='ltr'>quos</span> <span class='ocrx_word' id='word_1_16' title='bbox 915 702 1040 745; x_wconf 78' lang='lat' dir='ltr'>vaccae</span> <span class='ocrx_word' id='word_1_17' title='bbox 1056 679 1186 764; x_wconf 83' lang='lat' dir='ltr'>species</span> <span class='ocrx_word' id='word_1_18' title='bbox 1202 686 1236 743; x_wconf 84' lang='lat' dir='ltr'>et</span> <span class='ocrx_word' id='word_1_19' title='bbox 1253 677 1460 762; x_wconf 78' lang='lat' dir='ltr'>quatuorde·</span> <span class='ocrx_word' id='word_1_20' title='bbox 1487 683 1588 747; x_wconf 87' lang='grc'>106</span> 
     </span>
     <span class='ocr_line' id='line_1_4' title="bbox 315 805 584 893; baseline -0.004 -23"><span class='ocrx_word' id='word_1_21' title='bbox 315 805 381 870; x_wconf 91' lang='lat' dir='ltr'>cim</span> <span class='ocrx_word' id='word_1_22' title='bbox 401 806 584 893; x_wconf 85' lang='lat' dir='ltr'>nymphae.</span> 
     </span>
    </p>

    <p class='ocr_par' dir='ltr' id='par_1_3' title="bbox 405 928 1460 1016">
     <span class='ocr_line' id='line_1_5' title="bbox 405 928 1460 1016; baseline -0.003 -20"><span class='ocrx_word' id='word_1_23' title='bbox 405 931 562 996; x_wconf 78' lang='lat' dir='ltr'>Secunde</span> <span class='ocrx_word' id='word_1_24' title='bbox 588 953 676 1016; x_wconf 81' lang='lat' dir='ltr'>quae</span> <span class='ocrx_word' id='word_1_25' title='bbox 698 929 810 995; x_wconf 85' lang='lat' dir='ltr'>fertur</span> <span class='ocrx_word' id='word_1_26' title='bbox 835 930 951 1016; x_wconf 81' lang='lat' dir='ltr'><strong>imago</strong></span> <span class='ocrx_word' id='word_1_27' title='bbox 973 929 1101 996; x_wconf 85' lang='lat' dir='ltr'>Hebes:</span> <span class='ocrx_word' id='word_1_28' title='bbox 1126 929 1240 1015; x_wconf 80' lang='lat' dir='ltr'>puelle</span> <span class='ocrx_word' id='word_1_29' title='bbox 1259 928 1301 993; x_wconf 91' lang='lat' dir='ltr'>de</span> <span class='ocrx_word' id='word_1_30' title='bbox 1325 929 1460 994; x_wconf 80' lang='lat' dir='ltr'>lactuca</span> 
     </span>
    </p>

    <p class='ocr_par' dir='ltr' id='par_1_4' title="bbox 272 1053 1460 1268">
     <span class='ocr_line' id='line_1_6' title="bbox 272 1053 1460 1143; baseline -0.003 -21"><span class='ocrx_word' id='word_1_31' title='bbox 272 1066 293 1129; x_wconf 81' lang='grc'>5</span> <span class='ocrx_word' id='word_1_32' title='bbox 316 1057 484 1142; x_wconf 83' lang='lat' dir='ltr'>sylvestre</span> <span class='ocrx_word' id='word_1_33' title='bbox 506 1063 620 1137; x_wconf 74' lang='lat' dir='ltr'>enata,</span> <span class='ocrx_word' id='word_1_34' title='bbox 646 1056 808 1143; x_wconf 90' lang='lat' dir='ltr'>poculum</span> <span class='ocrx_word' id='word_1_35' title='bbox 834 1055 965 1120; x_wconf 78' lang='lat' dir='ltr'>hebens</span> <span class='ocrx_word' id='word_1_36' title='bbox 988 1055 1025 1118; x_wconf 90' lang='lat' dir='ltr'>in</span> <span class='ocrx_word' id='word_1_37' title='bbox 1048 1054 1169 1119; x_wconf 84' lang='lat' dir='ltr'>dextra</span> <span class='ocrx_word' id='word_1_38' title='bbox 1186 1076 1300 1119; x_wconf 84' lang='lat' dir='ltr'>coram</span> <span class='ocrx_word' id='word_1_39' title='bbox 1326 1077 1406 1140; x_wconf 84' lang='lat' dir='ltr'>rege</span> <span class='ocrx_word' id='word_1_40' title='bbox 1422 1053 1460 1119; x_wconf 92' lang='lat' dir='ltr'>in</span> 
     </span>
     <span class='ocr_line' id='line_1_7' title="bbox 317 1181 892 1268; baseline -0.005 -21"><span class='ocrx_word' id='word_1_41' title='bbox 317 1191 451 1268; x_wconf 84' lang='lat' dir='ltr'>sceptro</span> <span class='ocrx_word' id='word_1_42' title='bbox 471 1188 505 1245; x_wconf 89' lang='lat' dir='ltr'>et</span> <span class='ocrx_word' id='word_1_43' title='bbox 524 1181 717 1246; x_wconf 86' lang='lat' dir='ltr'>diademate</span> <span class='ocrx_word' id='word_1_44' title='bbox 736 1188 892 1266; x_wconf 80' lang='lat' dir='ltr'>auguste.</span> 
     </span>
    </p>

    <p class='ocr_par' dir='ltr' id='par_1_5' title="bbox 317 1305 1462 1645">
     <span class='ocr_line' id='line_1_8' title="bbox 406 1305 1462 1393; baseline -0.002 -21"><span class='ocrx_word' id='word_1_45' title='bbox 406 1308 524 1373; x_wconf 76' lang='lat' dir='ltr'>Tertio</span> <span class='ocrx_word' id='word_1_46' title='bbox 552 1308 643 1393; x_wconf 85' lang='lat' dir='ltr'>regis</span> <span class='ocrx_word' id='word_1_47' title='bbox 671 1314 705 1371; x_wconf 92' lang='lat' dir='ltr'>et</span> <span class='ocrx_word' id='word_1_48' title='bbox 732 1306 871 1384; x_wconf 77' lang='lat' dir='ltr'>iudicis,</span> <span class='ocrx_word' id='word_1_49' title='bbox 892 1306 947 1371; x_wconf 90' lang='lat' dir='ltr'>cui</span> <span class='ocrx_word' id='word_1_50' title='bbox 973 1305 1194 1371; x_wconf 76' lang='lat' dir='ltr'>immolaturo</span> <span class='ocrx_word' id='word_1_51' title='bbox 1222 1329 1336 1370; x_wconf 84' lang='lat' dir='ltr'>cerem</span> <span class='ocrx_word' id='word_1_52' title='bbox 1355 1328 1462 1393; x_wconf 90' lang='lat' dir='ltr'>popu-</span> 
     </span>
     <span class='ocr_line' id='line_1_9' title="bbox 317 1431 1461 1519; baseline -0.001 -23"><span class='ocrx_word' id='word_1_53' title='bbox 317 1433 370 1499; x_wconf 85' lang='lat' dir='ltr'>lus</span> <span class='ocrx_word' id='word_1_54' title='bbox 386 1433 512 1509; x_wconf 82' lang='lat' dir='ltr'>adstet,</span> <span class='ocrx_word' id='word_1_55' title='bbox 528 1432 584 1497; x_wconf 89' lang='lat' dir='ltr'>cui</span> <span class='ocrx_word' id='word_1_56' title='bbox 600 1432 643 1496; x_wconf 91' lang='lat' dir='ltr'>de</span> <span class='ocrx_word' id='word_1_57' title='bbox 659 1432 746 1497; x_wconf 83' lang='lat' dir='ltr'>mori</span> <span class='ocrx_word' id='word_1_58' title='bbox 760 1439 879 1497; x_wconf 86' lang='lat' dir='ltr'>taurus</span> <span class='ocrx_word' id='word_1_59' title='bbox 895 1431 1035 1519; x_wconf 89' lang='lat' dir='ltr'>prodiit.</span> <span class='ocrx_word' id='word_1_60' title='bbox 1055 1432 1140 1496; x_wconf 89' lang='lat' dir='ltr'>Inde</span> <span class='ocrx_word' id='word_1_61' title='bbox 1160 1455 1179 1496; x_wconf 82' lang='lat' dir='ltr'>a</span> <span class='ocrx_word' id='word_1_62' title='bbox 1193 1432 1326 1498; x_wconf 89' lang='lat' dir='ltr'>seniore</span> <span class='ocrx_word' id='word_1_63' title='bbox 1346 1437 1461 1515; x_wconf 86' lang='lat' dir='ltr'>(quem</span> 
     </span>
     <span class='ocr_line' id='line_1_10' title="bbox 317 1557 1461 1645; baseline -0.003 -22"><span class='ocrx_word' id='word_1_64' title='bbox 317 1581 403 1645; x_wconf 90' lang='lat' dir='ltr'>puer</span> <span class='ocrx_word' id='word_1_65' title='bbox 428 1558 540 1622; x_wconf 83' lang='lat' dir='ltr'>alatus</span> <span class='ocrx_word' id='word_1_66' title='bbox 566 1557 722 1642; x_wconf 84' lang='lat' dir='ltr'>sequitur</span> <span class='ocrx_word' id='word_1_67' title='bbox 752 1558 946 1623; x_wconf 86' lang='lat' dir='ltr'>subiectum</span> <span class='ocrx_word' id='word_1_68' title='bbox 977 1558 1323 1643; x_wconf 81' lang='lat' dir='ltr'>praetervolitaturus</span> <span class='ocrx_word' id='word_1_69' title='bbox 1355 1564 1461 1637; x_wconf 84' lang='lat' dir='ltr'>mare)</span> 
     </span>
    </p>

    <p class='ocr_par' dir='ltr' id='par_1_6' title="bbox 254 1683 739 1768">
     <span class='ocr_line' id='line_1_11' title="bbox 254 1683 739 1768; baseline -0.004 -19"><span class='ocrx_word' id='word_1_70' title='bbox 254 1687 295 1749; x_wconf 81' lang='lat'>10</span> <span class='ocrx_word' id='word_1_71' title='bbox 318 1685 468 1749; x_wconf 78' lang='lat' dir='ltr'>claustro</span> <span class='ocrx_word' id='word_1_72' title='bbox 486 1683 739 1768; x_wconf 88' lang='lat' dir='ltr'>relinquuntur.</span> 
     </span>
    </p>

    <p class='ocr_par' dir='ltr' id='par_1_7' title="bbox 318 1807 1462 1997">
     <span class='ocr_line' id='line_1_12' title="bbox 408 1807 1462 1891; baseline 0 -19"><span class='ocrx_word' id='word_1_73' title='bbox 408 1808 539 1885; x_wconf 74' lang='lat' dir='ltr'>Quarta</span> <span class='ocrx_word' id='word_1_74' title='bbox 558 1831 618 1872; x_wconf 84' lang='lat' dir='ltr'>rex</span> <span class='ocrx_word' id='word_1_75' title='bbox 631 1808 746 1873; x_wconf 83' lang='lat' dir='ltr'>lances</span> <span class='ocrx_word' id='word_1_76' title='bbox 758 1807 888 1872; x_wconf 80' lang='lat' dir='ltr'>liabens</span> <span class='ocrx_word' id='word_1_77' title='bbox 901 1807 1058 1887; x_wconf 80' lang='lat' dir='ltr'>sinistra,</span> <span class='ocrx_word' id='word_1_78' title='bbox 1076 1808 1197 1872; x_wconf 81' lang='lat' dir='ltr'>dextra</span> <span class='ocrx_word' id='word_1_79' title='bbox 1211 1807 1358 1891; x_wconf 84' lang='lat' dir='ltr'>virgam,</span> <span class='ocrx_word' id='word_1_80' title='bbox 1382 1815 1462 1872; x_wconf 84' lang='lat' dir='ltr'>aute</span> 
     </span>
     <span class='ocr_line' id='line_1_13' title="bbox 318 1930 602 1997; baseline -0.007 -1"><span class='ocrx_word' id='word_1_81' title='bbox 318 1932 433 1997; x_wconf 86' lang='lat' dir='ltr'>oculos</span> <span class='ocrx_word' id='word_1_82' title='bbox 457 1930 602 1996; x_wconf 81' lang='lat' dir='ltr'>tabulae.</span> 
     </span>
    </p>

    <p class='ocr_par' dir='ltr' id='par_1_8' title="bbox 318 2055 1464 2270">
     <span class='ocr_line' id='line_1_14' title="bbox 408 2055 1464 2143; baseline 0 -22"><span class='ocrx_word' id='word_1_83' title='bbox 408 2056 538 2132; x_wconf 78' lang='lat' dir='ltr'>Quinte</span> <span class='ocrx_word' id='word_1_84' title='bbox 557 2055 595 2121; x_wconf 91' lang='lat' dir='ltr'>in</span> <span class='ocrx_word' id='word_1_85' title='bbox 614 2057 726 2142; x_wconf 85' lang='lat' dir='ltr'>specie</span> <span class='ocrx_word' id='word_1_86' title='bbox 744 2056 812 2121; x_wconf 87' lang='lat' dir='ltr'>viri</span> <span class='ocrx_word' id='word_1_87' title='bbox 827 2078 950 2143; x_wconf 86' lang='lat' dir='ltr'>corpus</span> <span class='ocrx_word' id='word_1_88' title='bbox 969 2057 1165 2122; x_wconf 86' lang='lat' dir='ltr'>flammeum</span> <span class='ocrx_word' id='word_1_89' title='bbox 1184 2056 1358 2143; x_wconf 83' lang='lat' dir='ltr'>virginem</span> <span class='ocrx_word' id='word_1_90' title='bbox 1376 2079 1464 2124; x_wconf 92' lang='lat' dir='ltr'>com·</span> 
     </span>
     <span class='ocr_line' id='line_1_15' title="bbox 318 2182 1462 2270; baseline 0.003 -25"><span class='ocrx_word' id='word_1_91' title='bbox 318 2182 485 2267; x_wconf 88' lang='lat' dir='ltr'>primens,</span> <span class='ocrx_word' id='word_1_92' title='bbox 512 2204 588 2246; x_wconf 87' lang='lat' dir='ltr'>cum</span> <span class='ocrx_word' id='word_1_93' title='bbox 621 2182 714 2248; x_wconf 86' lang='lat' dir='ltr'>coitu</span> <span class='ocrx_word' id='word_1_94' title='bbox 743 2183 901 2249; x_wconf 82' lang='lat' dir='ltr'>absoluto</span> <span class='ocrx_word' id='word_1_95' title='bbox 930 2183 1046 2269; x_wconf 89' lang='lat' dir='ltr'>prodit</span> <span class='ocrx_word' id='word_1_96' title='bbox 1075 2206 1147 2264; x_wconf 87' lang='lat' dir='ltr'>rex,</span> <span class='ocrx_word' id='word_1_97' title='bbox 1169 2205 1236 2267; x_wconf 90' lang='lat' dir='ltr'>quo</span> <span class='ocrx_word' id='word_1_98' title='bbox 1268 2205 1383 2247; x_wconf 86' lang='lat' dir='ltr'>coram</span> <span class='ocrx_word' id='word_1_99' title='bbox 1402 2206 1462 2270; x_wconf 84' lang='lat' dir='ltr'>pa·</span> 
     </span>
    </p>

    <p class='ocr_par' dir='ltr' id='par_1_9' title="bbox 255 2305 1460 2393">
     <span class='ocr_line' id='line_1_16' title="bbox 255 2305 1460 2393; baseline 0.005 -27"><span class='ocrx_word' id='word_1_100' title='bbox 255 2305 296 2367; x_wconf 81' lang='lat'>15</span> <span class='ocrx_word' id='word_1_101' title='bbox 321 2315 418 2372; x_wconf 84' lang='lat' dir='ltr'>rente</span> <span class='ocrx_word' id='word_1_102' title='bbox 436 2307 591 2393; x_wconf 79' lang='lat' dir='ltr'>supplice</span> <span class='ocrx_word' id='word_1_103' title='bbox 615 2307 656 2372; x_wconf 92' lang='lat' dir='ltr'>de</span> <span class='ocrx_word' id='word_1_104' title='bbox 675 2308 798 2374; x_wconf 81' lang='lat' dir='ltr'>ineeva</span> <span class='ocrx_word' id='word_1_105' title='bbox 818 2309 940 2374; x_wconf 89' lang='lat' dir='ltr'>arbore</span> <span class='ocrx_word' id='word_1_106' title='bbox 963 2309 1035 2373; x_wconf 85' lang='lat' dir='ltr'>exit</span> <span class='ocrx_word' id='word_1_107' title='bbox 1059 2308 1261 2373; x_wconf 86' lang='lat' dir='ltr'>innumerus</span> <span class='ocrx_word' id='word_1_108' title='bbox 1280 2308 1460 2374; x_wconf 83' lang='lat' dir='ltr'>exercitus.</span> 
     </span>
    </p>

    <p class='ocr_par' dir='ltr' id='par_1_10' title="bbox 318 2431 1465 2896">
     <span class='ocr_line' id='line_1_17' title="bbox 409 2431 1463 2522; baseline 0.005 -26"><span class='ocrx_word' id='word_1_109' title='bbox 409 2431 514 2498; x_wconf 84' lang='lat' dir='ltr'>Sexta</span> <span class='ocrx_word' id='word_1_110' title='bbox 544 2433 647 2498; x_wconf 84' lang='lat' dir='ltr'>arbor</span> <span class='ocrx_word' id='word_1_111' title='bbox 678 2435 767 2499; x_wconf 84' lang='lat' dir='ltr'>celse</span> <span class='ocrx_word' id='word_1_112' title='bbox 797 2435 1006 2522; x_wconf 79' lang='lat' dir='ltr'>proceritate</span> <span class='ocrx_word' id='word_1_113' title='bbox 1040 2435 1211 2514; x_wconf 77' lang='lat' dir='ltr'>sublimis,</span> <span class='ocrx_word' id='word_1_114' title='bbox 1244 2436 1361 2500; x_wconf 84' lang='lat' dir='ltr'>stellas</span> <span class='ocrx_word' id='word_1_115' title='bbox 1391 2436 1463 2501; x_wconf 87' lang='lat' dir='ltr'>alto</span> 
     </span>
     <span class='ocr_line' id='line_1_18' title="bbox 318 2557 1465 2645; baseline 0.003 -23"><span class='ocrx_word' id='word_1_116' title='bbox 318 2557 496 2643; x_wconf 85' lang='lat' dir='ltr'>attingens</span> <span class='ocrx_word' id='word_1_117' title='bbox 516 2559 707 2642; x_wconf 75' lang='lat' dir='ltr'>cacumine,</span> <span class='ocrx_word' id='word_1_118' title='bbox 727 2560 914 2645; x_wconf 84' lang='lat' dir='ltr'>pansisque</span> <span class='ocrx_word' id='word_1_119' title='bbox 939 2562 1067 2626; x_wconf 90' lang='lat' dir='ltr'>circum</span> <span class='ocrx_word' id='word_1_120' title='bbox 1088 2561 1241 2645; x_wconf 82' lang='lat' dir='ltr'>undique</span> <span class='ocrx_word' id='word_1_121' title='bbox 1260 2561 1365 2626; x_wconf 82' lang='lat' dir='ltr'>remis</span> <span class='ocrx_word' id='word_1_122' title='bbox 1390 2561 1465 2626; x_wconf 91' lang='lat' dir='ltr'>uni·</span> 
     </span>
     <span class='ocr_line' id='line_1_19' title="bbox 318 2685 1464 2772; baseline 0.005 -27"><span class='ocrx_word' id='word_1_123' title='bbox 318 2704 416 2746; x_wconf 86' lang='lat' dir='ltr'>verso</span> <span class='ocrx_word' id='word_1_124' title='bbox 447 2692 673 2769; x_wconf 82' lang='lat' dir='ltr'>supervernnt</span> <span class='ocrx_word' id='word_1_125' title='bbox 703 2685 893 2768; x_wconf 79' lang='lat' dir='ltr'>horizonte,</span> <span class='ocrx_word' id='word_1_126' title='bbox 914 2709 1047 2772; x_wconf 84' lang='lat' dir='ltr'>semper</span> <span class='ocrx_word' id='word_1_127' title='bbox 1076 2686 1240 2751; x_wconf 81' lang='lat' dir='ltr'>frondosa</span> <span class='ocrx_word' id='word_1_128' title='bbox 1264 2687 1393 2769; x_wconf 76' lang='lat' dir='ltr'>virenS,</span> <span class='ocrx_word' id='word_1_129' title='bbox 1413 2708 1464 2751; x_wconf 82' lang='lat' dir='ltr'>ae</span> 
     </span>
     <span class='ocr_line' id='line_1_20' title="bbox 318 2807 1464 2896; baseline 0.005 -26"><span class='ocrx_word' id='word_1_130' title='bbox 318 2813 416 2871; x_wconf 84' lang='lat' dir='ltr'>terne</span> <span class='ocrx_word' id='word_1_131' title='bbox 435 2807 558 2873; x_wconf 84' lang='lat' dir='ltr'>florido</span> <span class='ocrx_word' id='word_1_132' title='bbox 578 2816 612 2873; x_wconf 84' lang='lat' dir='ltr'>et</span> <span class='ocrx_word' id='word_1_133' title='bbox 631 2809 748 2892; x_wconf 87' lang='lat' dir='ltr'>odora,</span> <span class='ocrx_word' id='word_1_134' title='bbox 768 2818 935 2896; x_wconf 84' lang='lat' dir='ltr'>perpetuo</span> <span class='ocrx_word' id='word_1_135' title='bbox 955 2810 1122 2876; x_wconf 85' lang='lat' dir='ltr'>foecunde</span> <span class='ocrx_word' id='word_1_136' title='bbox 1141 2810 1336 2893; x_wconf 81' lang='lat' dir='ltr'>fructifere,</span> <span class='ocrx_word' id='word_1_137' title='bbox 1355 2811 1464 2876; x_wconf 89' lang='lat' dir='ltr'>solido</span> 
     </span>
    </p>

    <p class='ocr_par' dir='ltr' id='par_1_11' title="bbox 252 2928 1465 3143">
     <span class='ocr_line' id='line_1_21' title="bbox 252 2928 1465 3017; baseline 0.007 -27"><span class='ocrx_word' id='word_1_138' title='bbox 252 2928 296 2989; x_wconf 76' lang='lat'>20</span> <span class='ocrx_word' id='word_1_139' title='bbox 319 2932 518 3017; x_wconf 82' lang='lat' dir='ltr'>perenniter</span> <span class='ocrx_word' id='word_1_140' title='bbox 542 2934 657 2998; x_wconf 88' lang='lat' dir='ltr'>trunci</span> <span class='ocrx_word' id='word_1_141' title='bbox 683 2935 804 2999; x_wconf 89' lang='lat' dir='ltr'>robore</span> <span class='ocrx_word' id='word_1_142' title='bbox 828 2935 928 3017; x_wconf 73' lang='lat' dir='ltr'>telix,</span> <span class='ocrx_word' id='word_1_143' title='bbox 948 2935 1058 3000; x_wconf 80' lang='lat' dir='ltr'>firmis</span> <span class='ocrx_word' id='word_1_144' title='bbox 1088 2935 1209 3000; x_wconf 82' lang='lat' dir='ltr'>innixa</span> <span class='ocrx_word' id='word_1_145' title='bbox 1233 2935 1409 3001; x_wconf 77' lang='lat' dir='ltr'>radicibus</span> <span class='ocrx_word' id='word_1_146' title='bbox 1428 2936 1465 3000; x_wconf 90' lang='lat' dir='ltr'>in</span> 
     </span>
     <span class='ocr_line' id='line_1_22' title="bbox 318 3057 629 3143; baseline 0.003 -23"><span class='ocrx_word' id='word_1_147' title='bbox 318 3057 433 3122; x_wconf 84' lang='lat' dir='ltr'>secula</span> <span class='ocrx_word' id='word_1_148' title='bbox 455 3065 629 3143; x_wconf 83' lang='lat' dir='ltr'>vegetans.</span> 
     </span>
    </p>
   </div>
   <div class='ocr_carea' id='block_1_3' title="bbox 764 3401 1011 3468">
    <p class='ocr_par' dir='ltr' id='par_1_12' title="bbox 764 3401 1011 3468">
     <span class='ocr_line' id='line_1_23' title="bbox 764 3401 1011 3468; baseline 0.016 -4"><span class='ocrx_word' id='word_1_149' title='bbox 764 3401 914 3466; x_wconf 81' lang='lat' dir='ltr'><strong>OAPVT</strong></span> <span class='ocrx_word' id='word_1_150' title='bbox 947 3404 1011 3468; x_wconf 92' lang='grc' dir='ltr'><strong>ΙΙΙ.</strong></span> 
     </span>
    </p>
   </div>
   <div class='ocr_carea' id='block_1_4' title="bbox 694 3561 1087 3607">
    <p class='ocr_par' dir='ltr' id='par_1_13' title="bbox 694 3561 1087 3607">
     <span class='ocr_line' id='line_1_24' title="bbox 694 3561 1087 3607; baseline 0.015 -6"><span class='ocrx_word' id='word_1_151' title='bbox 694 3561 742 3601; x_wconf 80' lang='lat' dir='ltr'>Iovi</span> <span class='ocrx_word' id='word_1_152' title='bbox 755 3563 898 3605; x_wconf 73' lang='lat' dir='ltr'>adsistentia.</span> <span class='ocrx_word' id='word_1_153' title='bbox 911 3564 1087 3607; x_wconf 76' lang='lat' dir='ltr'>Anteeodonter.</span> 
     </span>
    </p>
   </div>
   <div class='ocr_carea' id='block_1_5' title="bbox 409 3793 1463 3886">
    <p class='ocr_par' dir='ltr' id='par_1_14' title="bbox 409 3793 1463 3886">
     <span class='ocr_line' id='line_1_25' title="bbox 409 3793 1463 3886; baseline 0.008 -28"><span class='ocrx_word' id='word_1_154' title='bbox 409 3793 605 3859; x_wconf 86' lang='lat' dir='ltr'>Procedunt</span> <span class='ocrx_word' id='word_1_155' title='bbox 633 3804 713 3861; x_wconf 82' lang='lat' dir='ltr'>ante</span> <span class='ocrx_word' id='word_1_156' title='bbox 739 3797 855 3861; x_wconf 88' lang='lat' dir='ltr'>Iovem</span> <span class='ocrx_word' id='word_1_157' title='bbox 892 3796 1017 3879; x_wconf 78' lang='lat' dir='ltr'>Causa,</span> <span class='ocrx_word' id='word_1_158' title='bbox 1048 3798 1273 3885; x_wconf 86' lang='lat' dir='ltr'>Principium,</span> <span class='ocrx_word' id='word_1_159' title='bbox 1304 3801 1463 3886; x_wconf 82' lang='lat' dir='ltr'>Initium,</span> 
     </span>
    </p>
   </div>
   <div class='ocr_carea' id='block_1_6' title="bbox 255 3915 1466 4012">
    <p class='ocr_par' dir='ltr' id='par_1_15' title="bbox 255 3915 1466 4012">
     <span class='ocr_line' id='line_1_26' title="bbox 255 3915 1466 4012; baseline 0.013 -36"><span class='ocrx_word' id='word_1_160' title='bbox 255 3915 298 3977; x_wconf 75' lang='lat'>25</span> <span class='ocrx_word' id='word_1_161' title='bbox 322 3918 476 3999; x_wconf 77' lang='lat' dir='ltr'>Adorsio,</span> <span class='ocrx_word' id='word_1_162' title='bbox 494 3919 669 4006; x_wconf 86' lang='lat' dir='ltr'>Occeptio,</span> <span class='ocrx_word' id='word_1_163' title='bbox 688 3921 766 4003; x_wconf 77' lang='lat' dir='ltr'>Vin,</span> <span class='ocrx_word' id='word_1_164' title='bbox 789 3921 1017 3999; x_wconf 75' lang='lat' dir='ltr'>Vestibulum,</span> <span class='ocrx_word' id='word_1_165' title='bbox 1035 3922 1158 4004; x_wconf 71' lang='lat' dir='ltr'>Limen,</span> <span class='ocrx_word' id='word_1_166' title='bbox 1176 3924 1310 4006; x_wconf 76' lang='lat' dir='ltr'>Aditus,</span> <span class='ocrx_word' id='word_1_167' title='bbox 1332 3927 1466 4012; x_wconf 79' lang='lat' dir='ltr'>Ingres-</span> 
     </span>
    </p>
   </div>
   <div class='ocr_carea' id='block_1_7' title="bbox 322 4045 1465 4232">
    <p class='ocr_par' dir='ltr' id='par_1_16' title="bbox 322 4045 1465 4232">
     <span class='ocr_line' id='line_1_27' title="bbox 322 4045 1465 4133; baseline 0.009 -27"><span class='ocrx_word' id='word_1_168' title='bbox 322 4066 388 4125; x_wconf 74' lang='lat' dir='ltr'>suS,</span> <span class='ocrx_word' id='word_1_169' title='bbox 408 4045 766 4130; x_wconf 81' lang='lat' dir='ltr'>Coeptio,-Inchoati0,</span> <span class='ocrx_word' id='word_1_170' title='bbox 785 4047 1013 4127; x_wconf 79' lang='lat' dir='ltr'>Elementum,</span> <span class='ocrx_word' id='word_1_171' title='bbox 1031 4047 1320 4130; x_wconf 76' lang='lat' dir='ltr'>Fundamentum,</span> <span class='ocrx_word' id='word_1_172' title='bbox 1341 4052 1465 4133; x_wconf 83' lang='lat' dir='ltr'>Radix,</span> 
     </span>
     <span class='ocr_line' id='line_1_28' title="bbox 323 4168 454 4232; baseline 0.015 -2"><span class='ocrx_word' id='word_1_173' title='bbox 323 4168 454 4232; x_wconf 84' lang='lat' dir='ltr'>Semen.</span> 
     </span>
    </p>
   </div>
   <div class='ocr_carea' id='block_1_8' title="bbox 324 4345 1464 4499">
    <p class='ocr_par' dir='ltr' id='par_1_17' title="bbox 324 4345 1464 4499">
     <span class='ocr_line' id='line_1_29' title="bbox 414 4345 1464 4417; baseline 0.012 -24"><span class='ocrx_word' id='word_1_174' title='bbox 414 4347 429 4394; x_wconf 76' lang='lat'>‘2</span> <span class='ocrx_word' id='word_1_175' title='bbox 438 4345 517 4405; x_wconf 75' lang='lat' dir='ltr'>forre</span> <span class='ocrx_word' id='word_1_176' title='bbox 530 4347 685 4398; x_wconf 82' lang='lat' dir='ltr'>admovens</span> <span class='ocrx_word' id='word_1_177' title='bbox 752 4350 908 4412; x_wconf 79' lang='lat' dir='ltr'>Gnugusto</span> <span class='ocrx_word' id='word_1_178' title='bbox 973 4351 988 4399; x_wconf 76' lang='lat'>8</span> <span class='ocrx_word' id='word_1_179' title='bbox 998 4351 1077 4413; x_wconf 79' lang='lat' dir='ltr'>forre</span> <span class='ocrx_word' id='word_1_180' title='bbox 1092 4351 1187 4414; x_wconf 87' lang='lat' dir='ltr'>prodit</span> <span class='ocrx_word' id='word_1_181' title='bbox 1246 4356 1464 4417; x_wconf 72' lang='lat' dir='ltr'>ltproreritnte</span> 
     </span>
     <span class='ocr_line' id='line_1_30' title="bbox 324 4424 1316 4499; baseline 0.01 -26"><span class='ocrx_word' id='word_1_182' title='bbox 324 4426 353 4473; x_wconf 79' lang='lat' dir='ltr'>lu</span> <span class='ocrx_word' id='word_1_183' title='bbox 369 4424 507 4476; x_wconf 83' lang='lat' dir='ltr'>foecunde</span> <span class='ocrx_word' id='word_1_184' title='bbox 571 4427 707 4479; x_wconf 77' lang='lat' dir='ltr'>20foclix</span> <span class='ocrx_word' id='word_1_185' title='bbox 770 4429 904 4489; x_wconf 48' lang='lat' dir='ltr'>radiibus</span> <span class='ocrx_word' id='word_1_186' title='bbox 968 4430 1105 4499; x_wconf 75' lang='lat'>22111]11</span> <span class='ocrx_word' id='word_1_187' title='bbox 1168 4433 1316 4498; x_wconf 73' lang='lat' dir='ltr'>2dCeptio</span> 
     </span>
    </p>
   </div>
   <div class='ocr_carea' id='block_1_9' title="bbox 0 0 1713 5122">
    <p class='ocr_par' dir='ltr' id='par_1_18' title="bbox 0 0 1713 5122">
     <span class='ocr_line' id='line_1_31' title="bbox 0 0 1713 5122; baseline 0 0"><span class='ocrx_word' id='word_1_188' title='bbox 0 0 1713 5122; x_wconf 95' lang='lat' dir='ltr'> </span> 
     </span>
    </p>
   </div>
  </div>
 </body>
</html>
