3390 5122
564 414 757 459 anxirlclvu
779 415 982 474 PEROBANDI,
1005 415 1025 456 l.

719 676 817 745 OAP.
853 681 879 744 Ι.

610 825 644 864 De
659 835 742 874 genere
757 835 875 863 causarum
890 824 982 874 trlpllcl.

313 1012 381 1076 Pro
393 1033 486 1076 more
499 1010 703 1076 Aristoteles
718 1009 930 1097 principium
950 1009 955 1099 l
975 1010 1256 1098 pertractationis
1269 1011 1366 1077 desu·
1390 1015 1460 1078 28
1473 1012 1518 1073 F

224 1135 289 1200 mit
313 1136 356 1202 ab
381 1136 638 1202 enumeratione
660 1157 826 1219 generum
849 1157 1028 1202 causarum
1053 1134 1221 1218 civilium,
1246 1143 1367 1223 utpote

180 1263 201 1326 5
224 1260 315 1327 circa
330 1283 417 1346 quae
433 1260 604 1327 duntaxat
619 1259 731 1326 omnis
744 1260 903 1345 materia,
921 1282 1008 1346 quae
1025 1261 1060 1325 in
1077 1261 1295 1347 prepositum
1307 1261 1367 1327 ad·

226 1387 304 1453 duci
322 1388 449 1474 possit,
467 1387 664 1452 continetur
684 1392 788 1472 atque
806 1393 972 1453 versatur.
993 1386 1148 1474 Triplex,
1166 1386 1296 1472 inquit,
1316 1394 1369 1453 est

227 1535 407 1579 causarum
426 1512 582 1578 civilium
600 1534 725 1598 genus:
743 1511 1022 1590 deliberativum,
1043 1511 1366 1596 demonstrativum,

225 1637 396 1704 iudiciale.
429 1636 583 1715 Quorum
614 1636 753 1723 quidem
780 1634 930 1723 primum
955 1636 1100 1702 dicimus
1122 1637 1253 1703 versari
1278 1638 1369 1702 eirca

226 1763 357 1828 bonum
380 1769 414 1827 et
433 1762 576 1845 malum,
594 1760 810 1827 commodum
829 1759 872 1825 ed
890 1761 1160 1844 incommodum
1181 1761 1368 1828 secundum

161 1895 203 1957 10
227 1892 317 1957 circa
340 1913 461 1957 verum
477 1897 512 1956 et
525 1890 664 1973 falsum,
680 1890 825 1977 dignum
842 1897 877 1954 et
895 1889 1097 1977 indignum,
1113 1892 1253 1956 tertium
1278 1890 1369 1956 eirca

159 1984 179 2033 ⁸
225 2016 459 2082 damnandum
474 2016 531 2081 vel
546 2015 812 2083 iustificandum.
830 2015 952 2101 Itaque
964 2016 1028 2082 hoc
1044 2016 1170 2103 triplex
1185 2038 1304 2103 genua,
1321 2039 1370 2083 se-

225 2142 374 2208 cundum
398 2141 600 2229 ampliorem
617 2141 906 2229 significationem
923 2149 1115 2229 acceptum,
1133 2163 1269 2208 omnem
1289 2164 1368 2208 eon-

227 2266 446 2334 siderationis
476 2266 673 2352 materiam,
704 2288 774 2332 non
804 2266 940 2333 civilem
971 2266 1086 2351 modo,
1111 2289 1232 2333 verum
1263 2267 1368 2335 etiam

227 2391 456 2458 academicam
469 2414 529 2457 seu
550 2390 825 2479 philosophicam
838 2391 1047 2478 generaliter
1058 2391 1187 2458 dictam
1200 2414 1260 2459 seu
1275 2391 1369 2459 theo-

162 2515 203 2578 15
227 2516 375 2603 logicam
399 2516 555 2582 includit.

314 2641 395 2707 Istis
431 2641 543 2708 tribus
565 2640 751 2727 generibus
778 2641 917 2708 subesse
944 2641 1030 2707 dicit
1057 2641 1266 2725 suasionem,
1302 2642 1492 2709 dis-126
1508 2639 1549 2705 G

226 2765 432 2849 suasionem,
463 2766 615 2850 laudem,
645 2764 872 2852 vituperium,
901 2765 1171 2851 accusationem,
1200 2765 1368 2834 defensio-

226 2913 304 2956 nem
328 2897 362 2956 et
387 2891 649 2976 quaestiolnem.
674 2889 772 2956 Duae
790 2891 922 2978 primae
945 2891 1076 2978 species
1098 2891 1291 2978 respiciunt
1310 2915 1368 2979 ge·
1392 2890 1462 2955 29
1476 2890 1521 2952 F

225 3038 289 3081 nus
324 3015 604 3099 deliberativum,
633 3015 720 3081 duae
755 3016 924 3082 secundae
946 3016 1268 3099 demonstrativum,
1297 3023 1367 3083 tres

159 3145 203 3208 20
226 3139 368 3207 ultimae
385 3140 555 3206 iudiciale.
575 3143 628 3206 Ex
651 3140 705 3206 his·
722 3140 881 3207 omnibus
898 3141 1075 3227 ultimum,
1093 3141 1185 3226 quod
1201 3148 1252 3208 est
1267 3164 1368 3227 quae-

225 3265 305 3348 stio,
325 3273 377 3331 est
396 3265 630 3332 misericordia
648 3267 703 3332 vel
723 3265 817 3352 rigor
836 3266 890 3332 vel
910 3266 1045 3334 iustitia
1063 3265 1200 3350 iudicia,
1218 3289 1304 3352 quae
1322 3267 1366 3332 ab

225 3392 442 3456 accusatione
464 3397 500 3455 et
524 3390 721 3458 defensione
743 3391 1017 3478 proficiscuntur.

703 3628 804 3695 oAP.
839 3629 884 3694 11.

469 3773 504 3812 De
518 3773 546 3812 lle
559 3782 618 3823 quac
632 3777 753 3812 versantur
768 3773 828 3812 circa
843 3783 913 3823 genua
936 3773 1119 3814 deliberaturum.

158 3956 201 4018 25
313 3956 526 4023 Deliberatio
543 3964 595 4023 est
607 3957 816 4023 consultatio
832 3957 1013 4042 quaedam,
1027 3959 1116 4024 circa
1129 3959 1197 4025 tria
1212 3959 1366 4026 obieeta:

223 4080 384 4147 videlicet
403 4081 561 4169 eligenda
579 4083 635 4148 vel
654 4082 885 4171 repudianda,
902 4084 1046 4150 dicenda
1065 4108 1125 4151 seu
1143 4085 1367 4173 proponenda

223 4206 278 4271 vel
304 4206 507 4274 subticenda
525 4207 580 4274 vel
604 4207 867 4293 dissimulanda,
887 4216 921 4275 et
940 4208 1098 4276 facienda
1122 4210 1176 4276 ve]
1200 4209 1367 4298 fugienda

319 4478 335 4525 ‘a
346 4492 359 4523 c
371 4477 400 4526 10
417 4475 574 4526 seeundum
587 4492 600 4526 e
613 4478 733 4527 tertium
748 4477 786 4527 G:
797 4478 822 4527 2.
837 4493 850 4526 e
863 4476 886 4526 3.
902 4477 928 4526 F
