3390 5122
660 404 800 449 tonnam
821 399 924 448 sarm

669 693 768 759 GAP.
803 689 920 757 XXV.

707 840 742 882 Do
757 838 886 881 affectibus.

312 1051 494 1116 Praeterea
514 1072 591 1114 cum
610 1047 765 1135 proxime
784 1046 886 1113 dictis
905 1052 940 1110 et
960 1043 1039 1111 aliis
1057 1065 1128 1109 non
1146 1048 1199 1108 est
1219 1046 1376 1128 praetor·

224 1177 446 1260 mittendum,
465 1175 557 1262 quod
586 1175 628 1240 de
652 1173 833 1241 affectibus
856 1172 1082 1240 conciliandis
1113 1176 1213 1237 notat
1231 1169 1372 1235 Aristo-

179 1302 200 1364 ἴ)
224 1306 306 1371 telos
330 1305 369 1370 in
392 1303 464 1370 suis
482 1301 526 1368 ad
550 1301 775 1368 Theodecten.
801 1300 899 1367 Licet
923 1323 1017 1386 ergo,
1043 1299 1135 1385 quod
1156 1298 1230 1388 (ad)
1248 1321 1373 1365 eorum

223 1427 506 1496 concitandorum
534 1426 680 1493 formam
700 1432 846 1514 spectat,
867 1426 951 1492 satis
970 1424 1162 1490 indicatum
1181 1431 1245 1508 est,
1266 1446 1371 1490 nosse

223 1563 340 1620 tamen
360 1553 365 1640 1
387 1561 421 1619 et
440 1553 621 1619 observare
652 1557 787 1639 oportet
806 1551 932 1638 quibus
955 1551 1150 1618 rationibus
1169 1573 1374 1618 moveamur
1391 1553 1476 1616 92
1489 1551 1529 1613 F

224 1702 340 1746 omnes
360 1679 403 1745 ad
422 1679 509 1745 iram
528 1686 563 1743 et
581 1678 803 1767 patientiam,
823 1677 867 1743 ad
886 1699 1037 1743 amorem
1056 1684 1091 1743 et
1110 1676 1154 1743 ad
1174 1676 1306 1763 odium,
1328 1676 1376 1743 ad

224 1794 558 1872 commiserationem
576 1812 611 1869 et
631 1802 920 1890 indignationem,
941 1802 984 1868 ad
1008 1802 1178 1869 invidiam
1197 1809 1232 1868 et
1252 1825 1374 1870 aemu-

160 1930 202 1993 10
224 1929 399 1996 lationem.
426 1929 479 1994 Ad
500 1929 587 1995 iram
606 1951 687 2015 ergo
704 1927 918 1995 concitamur
936 1951 978 1994 ex
997 1928 1269 2016 apprehensione
1289 1949 1373 1994 con·

225 2062 392 2142 temptas²
413 2078 455 2121 ax
473 2053 687 2120 detractione
705 2060 741 2119 et
759 2077 800 2119 ex
819 2053 1002 2120 calumnia.
1022 2053 1206 2120 Contemni
1226 2052 1373 2139 quidem

226 2179 397 2265 videmur,
421 2179 452 2244 si
476 2202 563 2265 quae
592 2178 848 2265 indignioribus
872 2179 1120 2263 conceduntur,
1150 2177 1252 2244 nobis
1270 2177 1377 2244 dene-

225 2312 366 2392 gantur3
388 2305 417 2371 si
447 2328 546 2392 pares
565 2304 621 2370 vel
650 2303 837 2371 deteriores
854 2326 918 2371 nos
948 2311 1114 2392 spernant
1132 2304 1189 2370 vel
1208 2325 1376 2390 spernere

225 2431 423 2513 videantur,
443 2430 535 2516 quod
553 2452 664 2516 neque
683 2452 703 2495 a
722 2431 910 2498 maioribus
929 2429 1031 2497 facile
1055 2436 1107 2496 est
1125 2428 1215 2497 ferre
1233 2429 1373 2517 patien-

162 2553 203 2617 15
225 2560 289 2636 ter;
311 2556 341 2621 si
360 2576 423 2642 pro
442 2554 629 2621 honoribus
648 2561 684 2621 et
707 2553 886 2621 favoribus
909 2554 1025 2621 allatis
1051 2554 1184 2640 aliquos
1212 2555 1375 2641 ingratos

227 2680 414 2747 videamus.
445 2681 611 2767 Ingratus
641 2679 735 2746 enim
754 2669 972 2746 contemnere
1001 2679 1140 2747 videtur
1163 2678 1316 2746 officium
1337 2686 1374 2746 et

227 2803 424 2872 officiosum.
438 2805 617 2871 Movemur
634 2811 750 2870 autem
761 2804 910 2870 maxime
927 2804 970 2870 ad
988 2803 1090 2889 iram,
1104 2804 1133 2871 si
1150 2811 1373 2892 contemptus

227 2928 394 2994 consistat
413 2928 503 2995 circa
523 2952 577 3012 ea,
596 2928 772 3015 inquibus
792 2927 988 3015 magnifieri
1006 2928 1162 3015 cupimus
1179 2937 1214 2995 et
1235 2929 1272 2994 in
1295 2929 1374 3016 qui·

226 3052 290 3119 bus
319 3053 486 3120 excellere
515 3053 756 3120 desideramus.
783 3052 883 3120 Unde
902 3053 990 3119 aliae
1017 3062 1099 3119 sunt
1124 3076 1245 3121 causae
1266 3053 1270 3143 1
1292 3054 1368 3140 qui·
1396 3060 1498 3123 154
1513 3054 1548 3120 G

161 3194 206 3258 20
228 3179 292 3245 bus
311 3178 471 3246 irascitur
488 3178 726 3266 philosophus,
746 3177 834 3245 aliae
854 3178 980 3264 quibus
1003 3178 1116 3264 miles,
1137 3179 1225 3246 aliae
1243 3180 1373 3266 quibus

227 3304 296 3370 alii.
318 3305 514 3385 Dettractio
534 3305 664 3392 species
683 3312 734 3371 est
754 3304 797 3371 ad
815 3302 906 3369 idem
926 3311 1098 3392 spectans,
1120 3328 1197 3372 cum
1221 3327 1261 3372 ea
1281 3329 1371 3392 quae
1400 3312 1472 3376 93
1490 3311 1530 3371 F

220 3429 327 3496 -nobis
346 3430 571 3515 conveniunt,
595 3439 635 3497 ut
653 3429 775 3515 honor,
799 3430 1009 3514 reverentia,
1034 3430 1245 3497 existimatio
1268 3454 1372 3499 verae

228 3555 404 3621 doctrinae
431 3562 466 3621 et
496 3555 650 3641 dignitas
680 3579 768 3642 quae
797 3556 834 3621 in
860 3579 900 3622 ea
918 3556 1048 3622 virtute
1068 3579 1135 3642 qua
1154 3563 1372 3645 praestamus

228 3681 519 3775 consistithnobis
549 3681 774 3767 denegantur.
795 3681 978 3749 Calumnia
1008 3704 1089 3748 vero
1109 3705 1129 3747 a
1153 3681 1372 3750 detractione

162 3817 205 3878 ‘25
229 3806 357 3890 differt,
387 3807 467 3891 quia
486 3806 570 3873 haec
593 3806 727 3872 debitas
758 3813 792 3872 et
810 3829 909 3872 veras
932 3807 1121 3873 virtutesa
1151 3806 1251 3873 nobis
1270 3807 1373 3893 quasi

230 3931 358 3998 alienas
374 3931 477 4014 facit,
494 3932 554 3998 illa
568 3954 649 3998 nero
668 3939 800 3997 remota
816 3954 835 3997 a
855 3931 955 3998 nobis
973 3931 1061 3997 vitia
1080 3931 1180 3997 nobis
1195 3932 1372 3999 attribuit.

318 4057 412 4134 erae
431 4056 474 4122 ad
493 4079 644 4123 amorem
664 4065 818 4141 movent,
833 4057 1006 4123 contraria
1017 4057 1080 4124 his.
1095 4058 1262 4124 Amemus
1279 4059 1374 4124 enim

230 4205 298 4266 eoa,
319 4183 378 4268 qui
399 4205 461 4248 nos
481 4182 749 4268 magnifaciunt,
765 4183 922 4267 laudant,
941 4182 1078 4267 quinos
1097 4182 1295 4267 imitantur,
1314 4183 1375 4268 qui

322 4441 344 4488 9.
357 4441 387 4490 10
402 4443 612 4495 aemulationes
627 4445 690 4508 Fa,
704 4462 748 4495 ma
762 4447 796 4508 cf.
808 4462 839 4508 p.
853 4446 920 4505 3711,
938 4447 967 4494 11
1031 4446 1061 4496 15
1078 4444 1193 4496 collatis
1208 4443 1269 4496 bene
1282 4445 1307 4496 G
