3390 5122
551 427 595 474 ns
616 426 858 476 counosrrmxx
879 428 1060 494 rrrxoruvu,
1085 435 1103 478 1.
1343 413 1402 479 123

259 583 337 650 dam
361 586 529 667 obnoxius
549 588 650 654 facile
669 589 824 668 efficitur,
846 590 905 656 ubi
925 591 1051 656 reflexa
1070 591 1269 678 duplicique
1285 594 1400 681 specie

258 733 332 776 rem
354 712 528 777 visibilem
552 713 787 800 deprehendit.
807 716 910 782 Visus
934 717 1019 782 item
1042 725 1155 783 rectus
1179 719 1292 784 visum
1317 720 1403 785 obli-

261 859 381 922 quum,
409 860 534 925 nempe
566 840 697 907 visivus
729 842 846 908 radius
878 843 922 907 ad
945 843 1084 909 visibile
1111 843 1404 931 perpendiculari-

260 969 313 1027 ter
332 962 443 1028 iactus
462 964 594 1030 visibili
617 966 714 1032 radic
743 967 787 1032 ad
809 967 948 1033 visibile
976 990 1047 1033 non
1071 969 1405 1056 perpendiculariter

216 1086 237 1148 ὗ
259 1087 352 1154 iacto
371 1089 520 1155 maxime
544 1099 579 1159 et
601 1091 881 1159 manifestissime
904 1102 1067 1181 praestat.

349 1214 439 1280 Item
462 1215 607 1303 simplex
619 1216 713 1283 visus
725 1217 837 1305 prima
850 1219 922 1285 eius
939 1219 1167 1286 similitudine
1187 1221 1402 1287 uniuscuius-

261 1364 327 1428 que
349 1341 532 1408 veritatem
556 1342 606 1408 rei
629 1343 869 1431 deprehendit,
894 1369 914 1412 a
939 1368 1006 1430 qua
1030 1346 1160 1433 species
1188 1345 1336 1411 visibilis
1360 1345 1403 1412 ad

261 1465 398 1532 oculum
421 1475 514 1533 recto
538 1467 678 1534 tramite
698 1468 885 1535 contendit.
904 1470 994 1536 Item
1012 1477 1127 1535 rectus
1149 1468 1244 1535 visus
1264 1468 1403 1553 obliquo

260 1589 384 1658 fortior
402 1599 468 1676 est,
487 1592 578 1658 unde
597 1593 635 1658 in
654 1603 733 1661 actu
752 1595 999 1682 phantasiandi
1019 1595 1209 1683 specierum
1229 1603 1304 1662 tum
1326 1594 1402 1680 loci,

196 1718 238 1780 10
261 1723 336 1783 tum
369 1719 576 1804 receptaculi
605 1719 811 1806 imaginum,
841 1727 916 1787 tum
944 1721 1055 1809 ipsius
1087 1721 1251 1808 imaginis
1282 1742 1404 1807 operae

258 1842 410 1929 pretium
434 1853 485 1910 est
508 1852 686 1931 tamquam
710 1869 730 1911 a
759 1845 888 1913 directe
911 1854 945 1913 et
973 1847 1222 1914 diametraliter
1246 1845 1403 1934 opposito

259 1967 482 2034 intuitionem
510 1968 639 2036 factam
667 1972 833 2059 experiri3
863 1979 902 2038 ut
929 1973 1034 2039 ctiam
1062 1972 1201 2039 visibile
1230 1971 1404 2039 obiectum

260 2116 331 2159 non
350 2094 498 2181 oblique,
516 2095 575 2161 sed
589 2086 717 2163 directe
733 2121 753 2162 a
776 2098 933 2184 potentia
952 2098 1200 2184 cognoscitriee
1219 2096 1405 2184 deprehen·

262 2218 377 2306 datur,
401 2226 435 2286 et
458 2221 607 2288 visibilis
631 2224 760 2310 speeies
784 2225 882 2310 quasi
906 2247 967 2291 suo
990 2224 1155 2310 facilique
1178 2223 1304 2289 itinere
1327 2246 1405 2311 per·

197 2353 237 2417 lt
260 2353 321 2431 gat
344 2354 379 2412 et
401 2347 546 2415 visualis
569 2351 658 2416 radii
681 2351 812 2417 virtute
836 2351 1071 2418 contrahatur.

348 2475 500 2539 Rursum
524 2477 812 2561 quemadmodum
841 2477 879 2542 in
907 2486 1048 2542 externa
1076 2476 1209 2543 visione
1237 2475 1330 2541 inter
1353 2475 1405 2541 vi·

260 2622 335 2665 sum
359 2607 462 2685 atque
485 2601 622 2668 visibile
641 2602 792 2668 medium
811 2603 983 2690 quoddam
1002 2601 1246 2668 intermediare
1265 2623 1404 2666 necesse

261 2731 312 2790 est
336 2725 510 2812 spacium,
536 2727 617 2812 quia
641 2728 803 2793 sensibile
827 2752 931 2816 supra
955 2751 1093 2795 sensum
1115 2727 1267 2814 positum
1292 2747 1407 2810 quem-

261 2873 395 2936 cunque
419 2875 490 2917 nou
513 2854 676 2939 sentitur,
705 2853 809 2920 nimis
833 2855 938 2921 etiam
966 2861 1135 2921 remotum
1162 2852 1267 2939 longo
1288 2851 1292 2936 1
1313 2861 1404 2918 exte·
1428 2860 1499 2923 29

194 2978 239 3042 20
261 2985 390 3043 nuatnr
409 2984 443 3043 et
462 2979 679 3065 extinguitur
697 2979 900 3063 intervallc;
924 2980 1027 3044 itaet
1046 2977 1313 3066 phantasiabilis
1333 3001 1405 3065 spe·

262 3103 330 3169 cies
361 3127 381 3169 a
412 3104 615 3190 phantasiae
648 3108 745 3171 oculo
782 3126 894 3190 neque
929 3105 1067 3190 longius
1105 3104 1254 3191 seposita
1293 3124 1404 3187 neque

261 3229 366 3295 nimis
391 3231 545 3296 cominus
568 3230 709 3296 admota
726 3230 961 3318 intelligatur3
982 3253 1118 3296 neeesse
1138 3229 1231 3294 enim
1250 3233 1302 3293 est
1324 3226 1406 3294 visi·

264 3354 331 3419 bile
355 3355 446 3421 visui
470 3356 644 3442 attiguum
669 3355 976 3440 immediatumque
1000 3377 1071 3420 non
1094 3377 1177 3419 esse.

352 3481 496 3547 Obiecta
512 3504 600 3567 quae
616 3481 730 3546 visum
744 3486 898 3564 movent,
915 3486 992 3545 tum
1005 3478 1194 3562 internum,
1211 3484 1286 3543 tum
1301 3476 1406 3543 etiam

196 3607 239 3671 25
263 3614 457 3691 externum,
476 3615 550 3674 tum
571 3606 765 3692 sigillatim,
786 3617 861 3672 tum
884 3605 996 3691 magis
1015 3627 1084 3670 una
1104 3602 1345 3670 concurrentia
1365 3627 1407 3670 ex

262 3733 316 3799 his
338 3733 440 3820 plura
462 3732 518 3799 vel
541 3732 669 3815 omnia,
695 3740 777 3798 sunt
799 3733 861 3796 lux
884 3730 1039 3797 omnium
1062 3729 1254 3795 visibilium
1277 3729 1406 3817 prime,

264 3884 351 3947 qnae
375 3867 449 3926 tum
473 3883 534 3947 per
558 3884 593 3926 se
616 3859 766 3926 visibilis
789 3867 854 3942 est,
879 3865 954 3924 tum
977 3882 1039 3946 per
1063 3880 1167 3943 quam
1194 3857 1262 3922 alia
1284 3856 1406 3922 visibi-

263 3984 310 4051 lia
334 3995 428 4070 sunt3
453 3986 599 4051 subinde
619 3986 761 4069 colores,
783 3986 843 4071 qui
865 3985 1007 4072 propria
1035 3991 1117 4048 sunt
1140 3982 1234 4047 visus
1258 3980 1404 4063 obiecta;

263 4119 341 4200 post
365 4113 448 4177 haec
467 4112 671 4197 magnitudo
690 4135 749 4178 seu
768 4110 969 4193 multitudo,
992 4110 1104 4195 figura
1123 4115 1158 4173 et
1176 4114 1298 4190 motus,
1319 4128 1407 4191 (quae

197 4242 242 4308 30
264 4238 442 4304 sensibilia
466 4245 547 4303 sunt
571 4238 779 4322 communia,
805 4244 840 4302 et
863 4259 1009 4323 quorum
1032 4243 1084 4302 est
1107 4256 1221 4299 rerum
1244 4232 1407 4299 similitu-

360 4500 372 4548 1
384 4500 463 4564 sorae
476 4499 600 4551 afficitur
