3390 5122
574 434 619 479 nn
639 432 795 477 raucam:
816 430 1016 476 maroam.
1328 410 1369 472 83

226 589 333 654 altero
346 589 571 673 conferamus,
584 591 730 656 alterum
743 592 851 657 altero
864 589 978 656 minus
991 589 1046 652 vel
1059 586 1170 671 magis
1185 593 1367 673 praestans

226 735 297 780 esse
316 738 452 782 necesse
467 728 528 781 est.
549 718 654 783 Porro
673 717 874 804 specialium
890 712 1261 803 Inerticulariorumque
1279 710 1370 774 loco-

225 862 316 924 rum,
328 864 415 926 quae
430 843 473 907 ab
489 841 675 908 Aristotele
693 842 908 925 indicantur,
921 841 1062 905 minime
1080 835 1367 903 contemnendam

224 987 296 1030 esse
315 965 402 1031 duco
421 967 681 1055 inspectionem.
698 968 832 1045 Quibus
848 967 944 1032 iubet
964 961 1234 1052 inspiciendum,
1254 960 1366 1049 primo

180 1095 201 1158 5
224 1090 308 1174 quid
326 1091 458 1158 firmius
477 1102 512 1157 et
530 1093 737 1159 diuturnius.
758 1091 916 1157 Secundo
941 1089 1025 1176 quid
1048 1088 1235 1173 antiquius.
1248 1084 1366 1151 Tertio

224 1215 307 1299 quid
323 1217 434 1302 magis
453 1218 559 1305 eligat
572 1218 732 1305 prudens,
744 1218 864 1301 bonus,
878 1215 1061 1282 studiosus.
1075 1215 1206 1292 Quarto
1220 1211 1303 1297 quid
1315 1233 1368 1276 se·

223 1340 373 1406 cundum
386 1343 560 1408 meliorem
573 1343 806 1431 disciplinam,
818 1365 969 1423 sensum,
983 1339 1174 1426 ingenium,
1190 1337 1366 1421 iudicium,

223 1467 444 1551 sententiam,
463 1468 585 1554 legem.
615 1468 745 1546 Quinto
772 1468 856 1553 quid
881 1478 1025 1555 propter
1047 1488 1082 1530 se
1101 1472 1136 1529 et
1161 1463 1243 1547 quid
1261 1482 1366 1550 prop·

225 1600 278 1655 ter
293 1591 398 1657 aliud.
409 1591 513 1657 Sexto
529 1592 612 1679 quid
626 1594 662 1658 in
678 1615 804 1679 genere
816 1593 921 1675 bono,
935 1591 1018 1677 quid
1032 1591 1067 1654 in
1083 1587 1217 1655 meliori
1229 1610 1363 1674 genere,

85 1737 91 1747 ·
156 1719 199 1783 10
220 1723 257 1780 ct
276 1717 359 1801 quid
377 1717 467 1784 forto
494 1719 531 1784 in
551 1742 620 1785 non
645 1719 745 1784 bono.
770 1718 925 1805 Septimo
942 1716 1026 1801 quid
1046 1738 1107 1803 per
1131 1738 1179 1796 se,
1201 1713 1284 1799 quid
1303 1735 1365 1800 per

220 1842 387 1908 accidens.
408 1842 539 1909 Octavo
559 1844 642 1929 quid
661 1867 723 1932 per
737 1866 773 1909 so
789 1843 872 1908 boni
889 1865 1002 1925 causa,
1018 1840 1102 1927 quid
1121 1861 1182 1926 per
1201 1837 1296 1903 aliud
1314 1845 1365 1902 at·

218 1989 283 2051 que
304 1991 364 2054 per
381 1969 548 2035 accidens.
565 1970 665 2035 Nono
689 1969 774 2054 quid
804 1969 954 2034 melioris
974 1967 1098 2054 gratia.
1118 1965 1261 2030 Decimo
1278 1962 1363 2048 quid

219 2093 330 2178 magis
350 2093 445 2179 finis,
463 2095 546 2180 quid
566 2096 677 2182 magis
704 2094 881 2160 adfinem.
906 2092 1097 2160 Undecimo
1123 2089 1206 2176 quid
1232 2090 1360 2175 ipsum,

218 2218 299 2302 quid
318 2219 462 2286 alicuius
483 2221 620 2286 bonum.
641 2221 852 2287 Duodecimo
873 2220 956 2306 quid
980 2226 1121 2301 natura,
1141 2215 1225 2301 quid
1244 2214 1361 2300 acqui-

152 2345 193 2408 15
216 2343 320 2409 situm
337 2347 390 2410 rel
408 2347 613 2433 appositum.
631 2347 878 2413 Decimotertio
891 2346 988 2411 cuius
1002 2342 1201 2431 oppositum
1216 2339 1360 2426 fragibi-

215 2468 291 2534 lius.
304 2470 569 2556 Decimoquarto
582 2472 667 2556 quid
680 2473 815 2537 meliori
832 2473 921 2536 inest
937 2475 972 2535 et
983 2465 1242 2535 honorabiliori.
1259 2464 1358 2530 Deci-

217 2595 396 2681 moquinto
415 2596 499 2681 qnid
527 2597 678 2663 melioris
698 2597 885 2684 proprium.
911 2596 1153 2661 Decimosexto
1184 2591 1268 2677 quid
1294 2590 1356 2655 fini

215 2721 456 2809 propinquius,
477 2722 558 2806 quid
583 2723 755 2787 remotius.
782 2721 1072 2808 Decimoseptimo
1101 2727 1218 2784 utrum
1238 2739 1255 2780 o
1275 2716 1357 2780 duo-

215 2844 278 2909 bus
297 2845 340 2910 ad
359 2846 551 2921 melliorem
578 2848 690 2912 finem.
713 2848 980 2912 Decimooctaro
1004 2844 1088 2929 quid
1117 2842 1281 2930 possibile
1300 2841 1355 2905 rel
1381 2838 1508 2901 781²

146 2978 190 3042 20
212 2971 423 3057 possibilius,
445 2973 528 3057 qnid
545 2973 792 3060 impossibilius
812 2973 866 3037 vel
883 2970 1103 3059 impossibile.
1120 2968 1355 3033 Decimonono

213 3096 308 3161 cuius
326 3097 404 3162 finis
424 3106 519 3163 extat
533 3097 661 3163 melior.
681 3098 856 3184 Vigesimo
871 3095 953 3182 quid
969 3096 1062 3183 pluri
1072 3118 1114 3160 ex
1132 3092 1356 3181 proportione

212 3237 360 3307 superat.
373 3223 663 3310 Vigesimoprimo
677 3223 759 3308 quid
776 3246 838 3310 per
853 3246 888 3287 se
903 3221 1150 3288 honorabilius.
1166 3218 1358 3304 Vigesimo

211 3346 358 3412 secundo
379 3349 462 3434 quid
483 3349 605 3413 melius
630 3372 671 3413 cx
694 3348 852 3432 utrisque
875 3359 1050 3433 sequatur.
1072 3342 1355 3428 Vigesimotertio

210 3469 294 3554 quid
313 3472 396 3537 boni
415 3475 524 3559 magis
544 3472 772 3558 effectimund
790 3473 1022 3558 contrariique
1043 3471 1153 3558 magis
1172 3468 1356 3535 ‹lestructi-
1381 3461 1489 3525 7⁰70
1505 3459 1546 3525 G

144 3605 188 3668 25
212 3618 303 3661 vum.
328 3597 630 3684 Vigesimoquarto
655 3599 738 3684 quid
769 3622 845 3665 cum
870 3598 993 3664 maiori
1017 3617 1266 3683 consequemur
1295 3616 1354 3659 vo·

208 3720 343 3808 luptate
367 3723 560 3810 minorique
584 3725 738 3790 tristitia.
762 3724 1064 3811 Vigesinroquinto
1083 3723 1167 3808 quid
1189 3743 1252 3809 pro
1272 3728 1355 3784 tem·

208 3868 289 3933 pore
300 3850 597 3916 accommodatius.
605 3851 878 3937 l'igesimosexto
890 3850 973 3935 quid
984 3850 1144 3915 omnibus
1154 3846 1354 3935 pluribusve

209 3982 369 4041 constans
389 3978 613 4064 temporibus.
633 3978 960 4065 Vigesimoseptirno
980 3977 1065 4062 quid
1091 3981 1143 4041 est
1172 3973 1264 4061 quod
1296 3973 1354 4036 lra-

301 4250 317 4297 2
333 4249 643 4317 particulariorumquo
659 4251 684 4300 Ι)
693 4269 698 4300 :
712 4250 989 4316 particulariumquo
1003 4251 1055 4300 Ac}
1118 4250 1133 4298 4
1149 4263 1203 4311 sqq.
1225 4246 1353 4310 primo-

208 4328 339 4380 Seoundo
353 4336 398 4382 cto.
411 4332 463 4382 AG
472 4350 478 4383 :
499 4333 626 4382 1-2-3
648 4339 694 4380 etc.
719 4331 744 4380 Ρ
810 4332 889 4380 15.16
905 4330 1069 4394 fragibilius
1087 4328 1151 4377 Pl:
1164 4326 1297 4391 fragilius
1313 4326 1350 4373 ll:

203 4411 483 4477 jbrrcfraugibilins
532 4412 694 4472 180}ch
751 4412 988 4477 20posibiliusP
1041 4412 1071 4460 21
1090 4414 1169 4460 oxtot
1185 4408 1208 4455 (l
1256 4407 1352 4456 23111-

208 4497 290 4558 paret
307 4493 332 4542 G
396 4495 427 4544 27
444 4494 657 4544 accomodatius
669 4495 720 4544 Ac
784 4494 817 4543 28
833 4495 872 4543 sit
889 4493 912 4543 G
