3390 5122
564 429 757 475 nnrrrrmvu
779 427 984 487 eunonium,
1005 427 1024 471 1.
1310 410 1368 468 357

175 661 176 664 Ἴ
225 589 309 654 tatis
344 587 501 653 futurum
524 608 608 673 erga
634 593 735 650 notos
763 606 886 669 eosque
915 583 974 669 qui
1002 584 1118 667 aliquo
1148 606 1288 649 munere
1312 586 1368 649 vel

226 713 337 780 officio
354 711 467 801 ipsum
482 710 613 778 fuerint
628 710 843 799 prosecutiP’
862 710 903 776 Id
927 718 992 777 est:
1011 709 1060 774 ‘si
1077 709 1112 774 in
1130 710 1258 776 amicos
1273 710 1366 797 talis,

226 839 336 925 qualis
355 839 421 903 erit
440 837 478 902 in
495 836 659 925 patriam,
677 836 714 902 in
733 834 936 925 parentesl’

357 963 388 1027 ὅ.
407 962 440 1027 Α
458 963 611 1049 partium
631 961 889 1029 enumeratione
906 966 941 1025 et
960 958 1184 1026 distinctione
1203 959 1367 1046 cuiusque

180 1105 201 1167 5
224 1088 274 1153 rei
297 1088 335 1152 in
359 1110 420 1153 sua
444 1088 609 1171 membra,
635 1109 722 1172 quae
749 1085 895 1152 subinde
917 1108 979 1173 per
1006 1085 1143 1171 singula
1171 1085 1368 1151 examinen-

225 1220 296 1295 tur;
315 1219 355 1278 ut
378 1212 407 1277 si
432 1235 534 1298 quem
549 1213 679 1278 iustum
703 1211 843 1296 dixeris,
863 1210 1078 1277 examina-in
1098 1210 1310 1297 elargiend0,
1331 1211 1368 1277 in

225 1339 482 1420 commutando,
502 1336 689 1419 reddendo,
709 1336 944 1419 retribuendo,
965 1336 1002 1401 in
1026 1335 1278 1417 distribuendo;
1296 1359 1369 1402 rur·
1430 1419 1433 1423 Ι

224 1486 298 1528 sum
327 1485 410 1549 erga
439 1462 551 1529 Deum
579 1470 614 1528 et
642 1461 848 1548 superiores,
879 1459 1040 1526 videlicet
1069 1461 1258 1548 principes,
1282 1483 1364 1547 erga
1455 1518 1457 1524 .

223 1611 335 1675 pares,
355 1586 498 1670 similes,
519 1592 707 1669 consortes,
727 1608 809 1672 erga
829 1585 989 1668 minores,
1011 1584 1167 1652 subditos
1186 1593 1249 1652 etc.

161 1726 202 1787 10
357 1713 387 1778 6.
412 1712 444 1778 Α
467 1712 752 1779 concatenatione
770 1711 942 1778 variarum
964 1710 1205 1776 definitionum
1229 1733 1289 1776 seu
1312 1709 1365 1776 de·
1392 1677 1518 1740 63F

224 1837 465 1924 scriptionum,
497 1844 553 1903 ut:
588 1836 687 1923 'quis
711 1859 782 1902 non
805 1836 900 1903 videt
925 1838 1016 1902 hunc
1045 1859 1117 1902 esse
1145 1858 1274 1918 ensem,
1300 1858 1367 1921 quo

222 1961 340 2028 hostes
364 1984 638 2050 propugnamus,
663 1968 800 2027 scutum
823 1967 857 2026 et
881 1984 1017 2028 murum
1040 1968 1076 2026 et
1099 1983 1212 2026 arcem
1236 1969 1271 2026 et
1295 1967 1367 2027 tur-

222 2111 294 2153 rem
318 2087 471 2154 civitatis
496 2094 529 2152 et
548 2086 708 2175 reipubl,
730 2108 797 2172 quo
817 2087 958 2153 adversa
978 2087 1208 2169 retundimus,
1234 2086 1369 2174 repelli·

222 2213 321 2279 mus?
340 2214 382 2279 In
405 2213 470 2278 hoo
497 2219 549 2278 est
579 2212 691 2277 omnis
714 2210 840 2295 virtus,
861 2212 972 2278 omnis
996 2235 1136 2297 nervus,
1158 2235 1260 2279 omne
1291 2212 1369 2278 fun-

158 2347 198 2410 15
222 2338 421 2405 dementum
453 2338 536 2404 belli
574 2345 609 2402 et
642 2337 756 2425 pacis,
791 2337 888 2403 cuius
919 2337 1068 2404 virtutes
1106 2337 1365 2421 decantandae,

222 2463 427 2546 offerendae,
447 2463 589 2531 heroum
608 2462 832 2529 celebrandae
851 2461 1081 2529 carminibus'

345 2590 376 2654 7.
399 2588 432 2653 A
455 2589 609 2676 plurium
631 2612 746 2655 rerum
774 2610 956 2670 concursu,
981 2596 1035 2655 ut:
1060 2589 1130 2654 ‘hic
1152 2589 1236 2654 licet
1258 2589 1366 2676 inspi-

222 2736 297 2779 cere
313 2715 508 2780 columnam
526 2713 756 2797 fortitudinis,
770 2715 885 2781 lances
900 2714 1070 2797 iustitiae,
1084 2715 1262 2801 speculum
1280 2737 1365 2800 pru·

221 2838 373 2922 dentiae,
398 2839 613 2928 splendorem
637 2837 841 2925 religionis,'
864 2846 899 2905 et
927 2846 1101 2920 econtra,
1127 2839 1156 2905 si
1179 2839 1364 2926 vituperes.

154 2980 198 3044 20
354 2965 384 3030 8.
410 2964 444 3053 A,
465 2964 620 3031 diversae
638 2963 843 3030 efficientiae
858 2963 1052 3030 rationibus
1073 2972 1176 3049 atque
1195 2963 1288 3046 finis,
1309 2971 1362 3030 ut:

221 3090 313 3177 'ipse
347 3096 413 3174 est,
443 3111 544 3174 quern
571 3088 673 3177 probi
699 3089 870 3176 diligunt,
898 3087 1005 3154 fortes
1033 3089 1264 3171 aemulantur,
1304 3088 1363 3175 qui

220 3214 417 3282 libertatern
441 3222 560 3281 amant
582 3221 788 3301 sequuntur,
818 3213 952 3300 patriae
979 3220 1170 3281 servatores
1195 3215 1361 3302 complec-

220 3348 356 3423 tuntur,
374 3362 476 3427 quem
492 3340 631 3427 reprobi
646 3339 877 3421 detestantur,
897 3338 1010 3425 iniqui
1025 3339 1169 3426 fugiunt
1183 3339 1191 3354 '
1212 3346 1275 3405 etc.

352 3467 382 3531 9.
401 3466 434 3531 A
457 3466 655 3533 diversoum
674 3463 859 3531 effectuum
877 3462 1067 3541 sellicitate
1085 3472 1120 3532 et
1139 3464 1358 3548 infelicitate,
1388 3466 1459 3528 64
1471 3468 1516 3529 F

154 3590 197 3654 25
220 3599 272 3656 ut:
298 3589 462 3656 doletis?
486 3591 574 3657 Ecce
597 3590 653 3655 hic
680 3589 898 3677 refrigerium
926 3593 1098 3657 vestrum!
1122 3591 1361 3658 Formidetis?

219 3714 287 3780 Hic
306 3716 471 3782 securitas
490 3718 620 3783 vestra!
637 3713 860 3802 Aegrotatis?
884 3716 952 3781 Hic
976 3717 1119 3784 sanitas!
1140 3717 1358 3784 Fluctuatis?

218 3840 287 3905 Hic
304 3841 592 3927 gubernaculum!
613 3840 823 3906 Caecutitis?
843 3841 911 3907 Hic
928 3842 989 3908 lux
1007 3842 1159 3909 vestral'
1179 3850 1242 3908 etc.

336 3967 385 4031 10.
410 3965 441 4030 A
461 3965 690 4032 similitudine
702 3973 737 4030 et
749 3965 870 4054 tropis,
887 3988 929 4032 ex
942 3966 1020 4034 aliis
1035 3968 1137 4033 rebus
1154 3968 1360 4055 desumptiS,

219 4098 273 4158 ut:
289 4091 296 4111 ‘
311 4093 455 4180 aspicite
466 4093 583 4180 gregis
594 4092 697 4159 huius
709 4115 829 4159 verum
839 4101 1027 4180 pastorem,
1041 4095 1143 4161 huius
1162 4096 1239 4182 agri
1256 4096 1363 4163 culto·

153 4229 197 4291 30
219 4241 306 4302 rem,
324 4218 407 4285 belli
423 4218 525 4285 istius
541 4217 679 4301 ducem,
693 4218 843 4286 fulcrum
859 4221 961 4286 istius
977 4220 1098 4287 domus
1123 4223 1277 4288 ruentis*
1299 4231 1361 4287 etc.

310 4414 326 4462 2
338 4431 351 4462 e
363 4415 379 4464 3
393 4414 439 4477 qni
450 4415 483 4465 cd
495 4415 610 4473 citrove,
627 4413 656 4464 in
672 4414 728 4465 cosi
741 4417 837 4475 simili,
854 4417 977 4467 abbiamo
995 4419 1122 4483 applaudo
1139 4419 1361 4484 l'interropalivo

217 4494 550 4557 2idestl’szorscvel
613 4496 803 4547 fflfinibusd
865 4498 896 4547 21
914 4498 1092 4549 diversorum
1108 4498 1268 4564 correppeG

1393 1764 1541 1830 1416
1636 1806 1639 1813 ·
