3390 5122
570 432 764 479 aarrrrcrvu
786 434 990 500 caucasum,
1013 438 1047 483 11.
1325 428 1385 489 377
1471 396 1487 417 '¹

329 580 485 651 Secundo
503 608 566 672 pro
586 588 652 672 his,
675 612 761 674 quae
781 591 824 656 ad
843 592 1070 679 compositam
1089 593 1293 680 dictionem,

327 710 444 776 Tertio
474 735 536 799 pro
564 714 631 798 his,
652 738 741 800 quae
769 717 813 783 ad
842 740 980 785 sensum
1009 719 1216 809 simplicem,
1247 722 1319 789 sive
1338 722 1382 789 ad

236 838 354 903 thema
374 839 535 925 simplex,

326 963 458 1031 Ultimo
477 988 540 1054 pro
560 966 627 1049 his,
647 991 734 1052 quae
751 969 795 1035 ad
811 971 1057 1061 comlpositum
1074 995 1211 1039 sensum
1231 973 1381 1041 conflan·
1406 977 1495 1042 101
1509 978 1554 1042 Γ

192 1094 213 1155 5
237 1088 319 1154 dum
339 1090 544 1177 respiciunt,
564 1092 636 1157 sive
656 1093 700 1158 ad
717 1093 833 1161 thema
854 1095 1088 1162 coniunctum.

714 1445 815 1512 cAP.
850 1446 914 1511 ΠΙ.

368 1590 470 1629 'l'crnrlnl
485 1591 605 1639 generales
622 1603 662 1640 por
678 1591 824 1641 alphabetum
840 1604 881 1642 pro
897 1595 1059 1635 commoditate
1074 1596 1247 1646 multiplicandi.

325 1843 430 1926 Sunt,
451 1849 490 1908 ut
509 1842 674 1928 diximus,
694 1843 836 1908 termini
865 1842 1038 1927 nonnulli,
1064 1841 1124 1927 qui
1143 1840 1198 1906 vel
1230 1837 1382 1905 inomni

237 1969 392 2034 oratione
410 1966 467 2033 vel
485 1969 522 2033 in
541 1968 700 2055 plurimis
719 1969 833 2034 locum
852 1968 991 2034 habent.
1011 1968 1145 2033 Horum

170 2089 211 2153 10
368 2097 397 2158 1.
423 2093 465 2157 Α.
485 2094 548 2159 Est
563 2078 657 2159 'esse
681 2093 736 2159 vel
760 2115 838 2158 non
863 2116 963 2176 esse;
982 2115 1053 2159 non
1072 2098 1124 2159 est
1142 2091 1235 2157 enim
1255 2092 1380 2177 oratio,

233 2240 321 2304 quae
345 2219 385 2284 in
403 2219 548 2284 verbum
579 2219 837 2285 substantivum
861 2241 930 2284 non
960 2218 1154 2284 resolvatur
1174 2216 1380 2285 affirmative

235 2344 290 2409 vel
309 2343 482 2429 negative.

367 2471 396 2533 2.
421 2468 461 2532 B.
499 2467 682 2552 Sentire,
725 2468 906 2555 opinari,
949 2468 1073 2551 scire,
1114 2466 1376 2554 intelligere,
1404 2472 1560 2539 1586

233 2594 318 2660 item
348 2595 556 2680 ignorare,
590 2594 827 2680 imaginari,
859 2592 1059 2659 dubitare.

168 2713 209 2778 15
366 2720 396 2782 3.
421 2718 457 2782 Ο.
482 2718 740 2802 Consentire,
766 2718 1004 2800 dissentire;
1029 2718 1066 2783 in
1084 2719 1179 2784 omni
1195 2718 1287 2784 enim
1306 2740 1380 2784 ora·

232 2845 327 2909 tione
360 2844 584 2910 enunciativa
612 2845 751 2927 accidit,
788 2856 827 2910 ut
854 2845 909 2911 vel
940 2866 1058 2910 omnes
1088 2845 1142 2910 vel
1172 2845 1289 2931 plures
1321 2844 1379 2911 vel

234 2970 337 3056 pauci
354 2970 410 3035 vel
426 2969 513 3035 nulli
532 2970 752 3036 consentiant
771 2971 827 3035 vel
846 2969 1063 3036 dissentiant.

363 3096 394 3158 4.
419 3094 461 3158 D.
498 3094 597 3160 Circa
627 3095 781 3182 eligere
814 3102 849 3161 et
879 3095 1110 3181 repudiare,
1142 3116 1202 3159 seu
1234 3115 1376 3160 curare
1403 3107 1560 3172 1021?

231 3221 287 3287 vel
329 3220 553 3308 despicere,
598 3221 876 3307 magnifacere
921 3221 977 3286 vel
1015 3198 1245 3306 negligere;
1286 3219 1378 3306 quod

165 3353 210 3415 20
232 3346 455 3432 alphabetum
474 3352 651 3411 exercetur
675 3346 918 3413 universaliter
943 3345 1106 3430 circaea,
1128 3367 1215 3430 quae
1238 3367 1377 3411 versan-

233 3478 290 3536 tur
309 3472 346 3536 in
365 3471 597 3537 deliberando.

365 3598 395 3660 b.
419 3596 458 3660 Ε.
483 3597 583 3661 Circa
611 3597 937 3663 affirmationem
962 3605 996 3661 et
1025 3595 1305 3682 negationem
1330 3595 1378 3659 al·

231 3720 420 3808 phabetum
448 3722 539 3787 enim
564 3722 758 3788 affirmandi
782 3723 861 3805 erit,
885 3729 925 3787 ut
957 3722 1037 3804 aio,
1071 3741 1231 3801 censeo,
1265 3718 1374 3801 dioc,

232 3846 435 3929 existimo,
464 3847 609 3930 fateor,
644 3848 778 3914 iudico
808 3855 870 3913 etc.
943 3907 948 3918 .

165 3974 209 4039 25
365 3975 394 4037 6.
419 3972 457 4036 F.
482 3971 777 4060 Interrogandi
814 3972 1052 4059 alphabetum,
1089 3978 1127 4035 ut
1156 3991 1224 4055 an,
1249 3968 1374 4051 forte,

231 4097 429 4183 nunquid,
466 4121 607 4164 nonne.

366 4223 395 4286 7.
421 4223 462 4287 G.
483 4223 699 4289 Evidentis
723 4231 757 4288 et
781 4223 949 4288 occulti:
975 4220 1162 4306 evidentia,
1183 4226 1223 4286 ut
1241 4225 1372 4307 patet,

231 4348 494 4415 manifestum
518 4356 594 4434 est,
619 4351 752 4436 palam
779 4359 858 4433 est;
886 4351 1028 4433 occulti,
1054 4357 1092 4414 ut
1120 4370 1200 4414 non
1228 4349 1372 4435 liquet.

364 4478 394 4539 8.
419 4476 462 4539 Η.
487 4475 641 4542 Facilis
666 4483 700 4541 et
723 4475 929 4542 difficilis.

364 4593 440 4632 naum
454 4594 507 4642 opp.
522 4595 563 4632 at.
575 4593 608 4641 n,
621 4593 641 4632 a.
1184 4592 1211 4631 aa
