3390 5122
659 439 800 484 rounam
820 438 923 485 BRVNI

357 601 395 665 Α.
420 600 485 665 Per
502 605 647 681 rectum,
667 605 706 663 ut
721 596 728 611 '
742 597 888 663 scientia
911 596 955 662 ad
978 597 1032 663 sui
1049 597 1277 684 cupiditatem
1295 621 1372 665 om·
1401 601 1528 665 1151

223 749 284 791 nes
302 723 480 811 impellit*
548 749 552 755 ·

359 851 392 915 B.
412 849 479 914 Per
499 848 707 935 genitivum,
731 854 770 913 ut
788 847 975 914 ‘scientiae
994 847 1163 915 desiderio
1182 850 1378 936 capiuntur

225 974 373 1041 omnes*

180 1109 200 1172 b
358 1104 390 1168 Γ.
417 1103 484 1167 Per
517 1102 688 1177 dativum,
712 1109 752 1166 ut
775 1100 956 1167 ‘omnibus
987 1101 1185 1167 hominibus
1209 1103 1377 1167 innatum

225 1238 277 1294 111
296 1229 460 1295 scientiae
480 1227 717 1293 desiderium?

359 1356 392 1420 Δ.
413 1354 479 1419 Per
499 1352 749 1435 accusativum,
767 1359 806 1418 ut
825 1350 1028 1418 ‘scientiam
1047 1352 1212 1418 affectant
1231 1355 1380 1419 omnes.'

360 1481 393 1544 E.
418 1480 484 1544 Per
510 1478 727 1559 vocativum,
747 1485 786 1543 ut
814 1477 918 1564 ‘quid
941 1484 1006 1561 est,
1030 1478 1149 1562 home,
1170 1502 1239 1564 quo
1260 1481 1381 1566 magis

226 1605 375 1692 capiare,
396 1627 501 1689 quam
517 1604 605 1670 lueis
625 1603 879 1689 intelligentiae
898 1602 1119 1689 splendore?

161 1740 203 1802 10
359 1730 389 1793 Z.
415 1730 482 1794 Per
506 1729 713 1814 ablativum,
736 1736 776 1794 ut
799 1729 838 1794 ‘a
866 1727 1002 1814 fulgore
1026 1727 1112 1793 lucis
1137 1728 1383 1814 intelligibilis

227 1855 338 1921 omnis
358 1854 612 1941 intelligentiae
631 1862 818 1942 apparatus
837 1876 1024 1938 sensusque
1043 1853 1273 1919 incenditur.’

700 2135 799 2201 oAP.
835 2136 893 2201 VI.

453 2281 488 2321 De
503 2282 577 2321 forma
591 2281 740 2331 complicandt
756 2286 778 2321 ct
792 2281 920 2331 explicandi
935 2281 997 2321 dicta
1012 2283 1142 2332 alphabeta.

318 2484 617 2572 Praecipiebamus
636 2485 749 2571 primo
768 2506 831 2571 pro
849 2483 1090 2570 frequentibus
1105 2491 1139 2549 11
1157 2486 1382 2570 generalissi-

163 2620 205 2683 15
229 2612 294 2677 mis
312 2610 496 2698 phrasibus
526 2610 663 2695 singula
693 2609 956 2696 praeconcipere
978 2613 981 2697 1
1004 2608 1200 2694 alphabeta;
1226 2611 1383 2677 secundo
1413 2613 1528 2678 1161

229 2738 356 2804 eisdem
375 2740 412 2802 in
431 2760 556 2823 genere
575 2737 729 2823 singulas
748 2737 920 2802 destinare
943 2737 1076 2817 literae,
1093 2746 1134 2802 ut
1149 2736 1314 2803 videlicet
1334 2762 1381 2804 ex

228 2863 282 2928 his
301 2863 555 2929 universalibus
569 2863 777 2929 constituere
789 2863 959 2949 possimus
978 2861 1211 2949 alphabetum,
1226 2885 1381 2948 quorum

229 2989 325 3054 nulla
345 2989 427 3072 sint,
449 3011 536 3075 quae
562 3010 801 3074 quamcunque
826 2988 1016 3053 orationem
1041 2987 1189 3052 formare
1209 3011 1280 3055 non
1301 3011 1382 3076 poa·

230 3114 312 3195 sint;
341 3115 444 3179 tertio
475 3115 638 3178 ultimum
664 3113 899 3179 ordinavimus
927 3112 1150 3199 alphabetum
1179 3112 1382 3197 modorum,

163 3253 207 3316 ‘20
230 3240 322 3326 quod
341 3263 382 3304 ex
402 3239 455 3305 his
476 3248 613 3306 constat
631 3240 804 3326 partibus,
825 3238 986 3324 qualibus
1005 3239 1110 3304 etiam
1129 3239 1241 3304 omnis
1261 3240 1382 3306 oratio

230 3367 358 3448 ornari,
395 3366 508 3448 indui,
533 3366 665 3432 involvi
692 3370 815 3452 potest.
845 3365 918 3429 Iam
949 3365 1106 3448 sequitur
1136 3364 1260 3450 figura,
1287 3388 1385 3450 quae

230 3491 455 3557 materialiter
474 3491 642 3577 quadrata
662 3498 726 3575 est,
747 3489 938 3555 formaliter
957 3512 1038 3554 vero
1063 3489 1255 3570 circularis,
1276 3491 1384 3577 quia,

231 3624 269 3682 ut
289 3640 392 3703 supra
412 3617 544 3682 dictum
564 3622 627 3700 est,
648 3616 686 3681 in
710 3615 857 3702 singulis
881 3614 1076 3701 alphabetis
1092 3614 1171 3680 finis
1191 3621 1242 3680 est
1263 3619 1387 3684 conti-

229 3765 317 3827 guus
346 3742 532 3828 principio,
562 3749 683 3828 utpote
714 3741 851 3826 quando
882 3740 964 3806 ordo
996 3740 1068 3805 sive
1096 3740 1260 3806 decursus
1285 3765 1387 3813 unus

164 3878 206 3938 ‘25
230 3868 303 3933 sive
322 3891 481 3934 ascensus
506 3869 578 3933 sive
610 3869 792 3933 descensus
816 3873 867 3932 111
896 3868 1101 3954 completus,
1128 3869 1388 3938 resumendum

230 4002 281 4058 est
311 3994 523 4080 principium
553 3995 696 4059 alterius
727 3994 857 4059 ordinis
887 3994 958 4059 sive
986 4016 1197 4080 progressus
1229 3994 1274 4059 In
1313 3997 1391 4067 hac
1420 3995 1515 4058 165

230 4122 339 4207 igitur
358 4123 469 4207 figura
493 4129 613 4186 notare
632 4122 714 4186 licet
729 4123 841 4207 primo
865 4145 1084 4208 progressum
1104 4144 1166 4208 per
1185 4122 1390 4213 directum,

230 4272 268 4314 10
294 4250 455 4315 videlicet
475 4249 594 4314 ordine
615 4272 680 4332 quo
701 4251 813 4335 legere
834 4250 1087 4332 consuevimus,
1109 4258 1142 4314 et
1162 4250 1212 4314 ita
1231 4260 1393 4324 notatur

327 4513 357 4561 16
374 4511 474 4562 iisdem
493 4511 515 4561 Θ
581 4513 611 4561 18
627 4512 708 4561 nulla
722 4519 790 4562 sunt
806 4512 829 4561 (l
