3390 5122
458 414 503 460 on
523 415 715 462 eroonnssv
736 417 881 463 toarcis
900 417 1111 466 vnnssroms.
1317 405 1355 463 13
1465 382 1469 389 ¹

213 573 325 660 primo
345 572 389 640 ad
407 574 644 661 praedicatum
667 575 714 658 A;
734 575 883 641 secundo
903 575 946 640 ad
966 599 1005 641 ea
1025 598 1112 662 quae
1131 575 1295 641 dicuntur
1313 576 1356 641 de

213 701 246 766 A
268 723 328 767 seu
352 701 532 767 continent
556 702 602 785 A,
622 724 710 786 quae
733 701 777 768 ab
797 700 986 768 Aristotele
1004 702 1251 787 consequentia
1269 723 1355 766 nun*

214 833 400 915 cupantur‚
416 832 451 892 et
470 825 713 914 significantur
728 850 791 915 per
806 828 852 911 B;
865 827 970 893 tertio
991 830 996 915 Ι
1017 826 1157 893 adhaec
1173 826 1215 893 de
1231 826 1357 912 quibus
1383 821 1481 884 '712
1495 804 1540 884 G¹

214 953 342 1020 dicitur
357 952 389 1018 A
408 975 468 1019 seu
487 975 575 1039 quae
593 954 835 1036 conitinentur
853 953 897 1019 ab
914 952 960 1038 A,
977 959 1012 1018 et
1031 953 1075 1019 ab
1093 952 1281 1020 Aristotele
1298 974 1357 1019 vo-
1380 970 1411 1018 a
1422 957 1474 1019 ¹7²·
1485 956 1531 1018 Ρ
1645 1040 1650 1049 ¹

170 1081 192 1145 5
215 1086 339 1146 cantur
357 1078 609 1163 antecedentia,
625 1086 660 1144 et
677 1079 920 1165 significantur
935 1101 997 1166 per
1016 1077 1054 1162 0;
1076 1085 1202 1164 quarto
1219 1076 1263 1144 ad
1281 1077 1357 1165 ipsa

214 1227 301 1291 quae
319 1211 401 1271 sunt
416 1205 590 1271 contraria
609 1203 677 1293 ipsi
700 1205 732 1269 A
753 1227 813 1271 seu
827 1211 958 1270 remota
978 1210 1012 1269 et
1030 1204 1156 1288 aliena,
1173 1202 1357 1290 dequibus

213 1354 277 1397 nec
294 1331 327 1397 A
346 1330 475 1397 dicitur
498 1338 639 1417 atquae
663 1353 726 1396 nec
749 1330 792 1395 de
814 1329 847 1395 A
871 1329 1050 1414 dicuntur,
1070 1351 1224 1415 quaeque
1243 1352 1307 1397 nec
1325 1331 1358 1395 A

214 1457 369 1524 continet
387 1463 422 1523 et
438 1480 459 1523 a
478 1456 604 1542 quibus
627 1479 691 1522 nec
714 1456 746 1522 A
765 1462 881 1543 posset
904 1455 1089 1540 contineri,
1110 1462 1145 1520 et
1160 1456 1205 1521 ab
1223 1454 1358 1521 Aristo·
1462 1514 1470 1524 .

214 1583 282 1647 tele
299 1589 469 1649 vocantur
494 1581 678 1668 contraria,
696 1588 845 1668 suntque
873 1581 1069 1667 significata
1087 1603 1149 1669 per
1176 1580 1218 1645 D.
1244 1579 1359 1645 Simili
1443 1580 1446 1586 '

150 1721 193 1783 10
215 1710 335 1775 ordine
357 1710 564 1797 respiciatur
587 1709 631 1775 ad
650 1708 680 1773 E
699 1708 894 1775 subiectum
911 1707 1059 1792 quaesiti
1083 1730 1143 1774 seu
1165 1706 1359 1795 problema·

214 1835 273 1917 tis,
294 1835 395 1901 adea
415 1858 503 1922 quae
526 1834 567 1900 de
586 1834 740 1901 subiecto
764 1834 928 1900 dicuntur
951 1833 1148 1919 significata
1167 1856 1229 1921 per
1251 1833 1295 1915 F,
1315 1833 1359 1899 ad

216 1983 256 2026 ea
281 1960 323 2026 de
347 1961 472 2046 quibus
491 1959 684 2026 subiectum
708 1960 836 2026 dicitur
859 1959 1057 2045 significata
1079 1982 1142 2046 per
1161 1958 1207 2043 G,
1232 1959 1276 2025 ad
1300 1980 1360 2046 op·

215 2087 328 2173 posita
345 2086 525 2172 alienaque
544 2109 564 2151 a
583 2087 737 2153 subiecto
757 2086 953 2173 significata
971 2108 1034 2173 per
1051 2085 1096 2150 H.

403 2327 545 2398 Figura
565 2327 732 2398 proxime
754 2327 879 2386 dictae
901 2325 1172 2397 dispositionis.

152 4099 192 4163 15
304 4094 360 4161 Ibi
379 4097 423 4162 ad
446 4096 678 4164 definiendum
695 4121 741 4164 an
761 4099 874 4165 omnis
896 4099 1057 4188 voluptas
1081 4100 1127 4166 sit
1149 4100 1293 4185 bonum,
1311 4122 1356 4166 an
1381 4097 1532 4160 a'7'P

215 4221 311 4288 nulia
330 4223 490 4310 voluptas
505 4222 551 4289 sit
567 4224 709 4309 bonurn,
725 4248 770 4291 an
788 4225 905 4311 aliqua
920 4227 1080 4314 voluptas
1096 4227 1143 4292 sit
1158 4226 1297 4311 bonum,
1313 4248 1359 4292 an

309 4491 326 4538 8
341 4494 440 4557 posset
453 4490 518 4540 1’11:
534 4491 627 4556 possit
643 4491 666 4540 G
