3390 5122
545 433 589 476 DE
611 428 853 475 courcelrronn
875 426 1056 484 lunsluvu,
1080 426 1112 467 11.

256 589 459 676 Imperitare
479 588 545 653 sibi
568 588 735 673 nequiens
755 608 864 671 neque
884 585 1037 650 membre
1054 604 1204 664 movere,

258 713 430 778 Funditus
449 713 522 799 ipse
542 735 620 777 suas
641 712 720 797 quia
739 711 830 776 vires
850 708 1035 796 supprimit
1051 729 1193 792 anceps,

257 838 464 903 Praesertim
481 861 559 902 cum
579 835 675 902 nulle
694 836 812 903 subest
831 857 908 922 spes
927 856 990 898 nec
1008 832 1101 898 velet
1121 831 1182 896 ira.

257 964 450 1049 Degeneres
468 962 673 1046 quandoque
690 961 822 1026 animos
840 960 878 1024 in
897 982 932 1023 se
951 958 1068 1043 arguit
1086 955 1198 1038 idem,

213 1085 233 1145 ὃ
258 1088 427 1154 Inclamat
445 1111 485 1154 ec
503 1087 627 1152 studiis
645 1086 743 1152 addit
761 1085 978 1172 fugientibus
998 1085 1087 1165 alas3

258 1214 305 1277 At
324 1213 438 1278 subito
458 1213 571 1277 nullos
591 1211 695 1278 audet
714 1211 795 1276 dare
814 1232 955 1297 corpore
971 1216 1097 1291 motus,

259 1336 438 1403 Submissa
453 1337 607 1423 loquitur
625 1359 720 1414 voce,
741 1336 842 1401 hirtis
857 1343 995 1420 statque
1015 1333 1163 1420 capillis,

258 1462 422 1528 Versetili
442 1469 644 1547 constatque
668 1461 779 1545 ocu10,
800 1484 896 1525 mens
914 1460 1064 1546 palpitat
1083 1480 1187 1543 aegro

257 1588 431 1675 Appulsu,
451 1610 491 1652 ac
511 1610 651 1653 saevum
670 1587 797 1673 pungit
816 1584 1016 1673 praecordia
1035 1585 1156 1649 calcar.
1195 1628 1199 1639 ·

191 1705 235 1768 lO
347 1726 363 1773 u
392 1713 469 1778 Illic
490 1712 717 1800 Lapitharum
733 1713 854 1798 figura,
872 1734 932 1776 suo
950 1733 1035 1794 qnos
1054 1708 1225 1796 plumbeis
1242 1707 1400 1772 detento»⁸

258 1838 479 1925 compedibus
499 1838 595 1902 tenui
614 1837 672 1902 filo
689 1836 896 1921 (adamantis
917 1835 1029 1919 credo)
1054 1857 1256 1921 suspensum
1277 1833 1400 1917 ingens

258 1986 379 2028 saxum
394 1963 567 2028 ruiturum
584 1963 804 2044 imminebat,
818 1969 858 2027 ut
870 1962 1038 2048 appositis
1051 1962 1161 2047 epulis
1182 1981 1322 2024 manum
1342 1958 1400 2023 ad·

260 2111 396 2153 movere
414 2087 682 2154 formidantibus
701 2111 772 2153 nen
791 2094 938 2153 vacaret.

257 2225 273 2271 ‘l
302 2214 394 2277 Dum
413 2221 572 2278 metuunt
591 2213 665 2277 sine
689 2220 798 2278 morte
822 2213 966 2296 malum,
987 2211 1130 2297 capiunt
1154 2210 1245 2275 mala
1261 2208 1399 2288 mortis;

194 2338 234 2399 15
259 2337 416 2423 Namque
435 2338 471 2402 in
490 2347 600 2403 morte
617 2338 699 2402 mali
716 2338 805 2403 nihil
824 2348 890 2420 est,
911 2359 1014 2424 porro
1033 2337 1109 2423 ipsa
1128 2334 1276 2400 Timoris

258 2463 319 2527 Vis
338 2469 476 2528 tentum
495 2470 634 2546 torquet
652 2463 794 2529 miseros
811 2463 952 2528 etfama
971 2462 1136 2529 dolorum.

259 2587 316 2652 Sic
332 2589 466 2653 animae
485 2610 655 2674 nusquam
675 2610 817 2654 accenso
836 2588 1033 2653 cruciantur
1053 2588 1096 2653 ab
1116 2587 1214 2673 igue,

258 2713 366 2799 Atqui
385 2713 541 2779 infelices
556 2714 707 2800 primum
728 2713 927 2800 ignorantia
947 2713 1021 2778 veri

257 2838 386 2922 Efficit,
407 2846 441 2903 et
461 2839 578 2903 vultus
598 2845 742 2904 naturae
757 2837 910 2903 occultus
930 2836 1071 2902 inerteis

190 2965 234 3023 ⁴20
259 2962 452 3028 Oonturbnt
471 2986 601 3044 sensus,
623 2963 729 3028 stulta
749 2963 993 3049 phantasmata
1013 2962 1142 3027 circum

258 3089 469 3154 Credulitate
484 3090 576 3153 leves
596 3088 733 3174 agitant
749 3089 823 3153 siue
842 3088 992 3175 pondere
1012 3094 1154 3151 mentes.

257 3215 335 3279 Non
355 3213 491 3301 capitur
510 3220 606 3278 tutus
621 3214 808 3300 praelustri
826 3214 922 3279 cibus
942 3213 979 3277 in
999 3187 1089 3293 aula,

257 3340 476 3405 Mortit'erum
495 3340 640 3405 exsudat
659 3340 701 3404 de
719 3362 803 3405 auro
822 3349 1035 3425 argentoque
1053 3360 1260 3419 venenum„

258 3464 449 3529 Sublimem
468 3473 719 3550 augustamque
738 3464 878 3529 domum
897 3465 939 3529 de
956 3465 1083 3529 vertice
1100 3463 1227 3529 montis

191 3591 234 3650 ‘25
258 3590 496 3678 Praecipitant
513 3591 609 3655 venti
628 3600 732 3676 atque
750 3591 832 3658 irati
850 3592 990 3678 fulgura
1010 3590 1104 3656 caeli.

257 3717 449 3783 Excubitor
470 3717 599 3781 multus
618 3716 714 3782 faoih
730 3740 916 3803 somnoque
935 3717 1045 3783 iacere

258 3842 336 3906 Non
355 3841 474 3924 faciet,
495 3842 553 3906 sed
572 3849 649 3906 tuta
666 3843 776 3928 magis
796 3842 916 3908 domus
936 3851 987 3908 est
1007 3843 1080 3907 sine
1100 3843 1178 3906 telo.

258 3968 341 4032 Alte
360 3967 457 4053 quies
472 3967 590 4054 parvis
609 3991 629 4033 a
648 3968 720 4032 fato
740 3975 791 4032 est
807 3969 973 4054 praestita
993 3970 1108 4047 rebus,

258 4091 325 4156 Aio
341 4092 452 4179 magis
471 4092 554 4156 forti
574 4098 677 4157 vento
697 4092 851 4178 spaciosa
870 4103 1075 4179 premuntur

350 4289 399 4336 4.5
416 4287 489 4337 idem
507 4288 661 4351 Inclamat,
676 4305 720 4336 ma
733 4303 855 4352 neppure
871 4305 919 4338 con
941 4289 959 4338 l’
969 4289 1112 4352 ipermctro
1127 4290 1148 4339 il
1162 4307 1237 4340 verso
1251 4294 1267 4339 5
1290 4290 1400 4340 sarebbc

259 4366 652 4432 irrepremioue(1n-olamnq
708 4371 724 4419 9
740 4385 837 4420 seeum
895 4370 924 4418 14
942 4375 1041 4434 captut
1052 4371 1124 4433 (sic);
1135 4368 1315 4436 correpyiamc
1325 4369 1400 4435 pinl-

258 4452 326 4495 loato
340 4449 458 4511 cupiunt
476 4447 522 4498 cte
535 4455 653 4515 captent
718 4452 748 4500 18
764 4450 914 4501 infoelices
