3390 5122
323 423 384 482 264
762 434 902 482 roamru
921 434 1024 480 savru

322 593 495 676 flammas,
516 593 663 677 iungens
682 591 828 672 animos,
848 611 990 677 corpora
1013 596 1169 674 necteus,
1192 590 1296 659 taeda
1322 614 1468 659 accensa

322 718 413 784 fores
429 716 634 784 custodiens
652 716 730 782 Illic
746 716 841 782 intus
855 714 1030 782 basiorum
1041 714 1249 819 Blanditias,
1265 717 1468 785 suaviorum

322 843 513 926 Lasciviae,
535 842 730 908 osculorum
748 840 948 926 Anhelitus,
967 840 1166 927 linguarum
1185 840 1417 910 concertatio.

412 1107 430 1154 1
453 1093 542 1158 Heic
558 1097 801 1158 temeratorem
818 1091 934 1178 video,
951 1092 1012 1178 qui
1030 1093 1181 1160 claustra
1195 1099 1371 1182 penetrat,

277 1223 299 1287 ὃ
321 1220 417 1298 Quae
435 1217 533 1284 nefas
551 1223 604 1282 est
622 1238 708 1283 ausu
726 1216 854 1282 laicum
871 1216 1029 1304 tetigisse
1046 1216 1204 1304 profane.

321 1347 510 1433 Lampsaco
533 1348 648 1422 custos
663 1342 963 1422 adesGenialibus
981 1342 1164 1410 insidiator

321 1471 373 1555 (Si
390 1469 462 1538 fers
477 1466 678 1552 dormitent)
697 1467 822 1552 oculis,
841 1467 1016 1555 palpando
1033 1469 1194 1536 tenebras

320 1596 443 1682 Ignem
461 1592 625 1659 scrutaris
645 1591 742 1658 cuius
761 1590 869 1679 fugis,
889 1592 1008 1680 impie,
1028 1593 1149 1661 lucem

321 1717 503 1807 Suspensis
521 1717 614 1784 lente
632 1715 847 1805 pedibusque
863 1715 1025 1804 adpellis,
1044 1718 1164 1805 inique

257 1847 299 1912 lo
321 1843 533 1911 vulnificum
550 1850 709 1931 portans,
728 1849 892 1909 veterane
910 1842 1116 1927 trifurcifer,
1136 1845 1262 1929 ictum,

321 1968 466 2046 Qualem
485 1973 677 2051 matronae,
692 1968 831 2053 qualem
850 1989 986 2034 sensere
1001 1968 1150 2055 puellae,

321 2093 466 2173 Qualem
483 2115 646 2181 perpessa
662 2099 714 2159 est
731 2091 810 2158 cani
829 2092 1023 2160 reverentia
1038 2093 1149 2161 frmdi.

320 2219 367 2285 Et
384 2241 511 2307 parvas
531 2218 802 2304 cucumaeelpis,
823 2217 1001 2300 scelerose,
1020 2216 1203 2305 fenestrae,

320 2343 510 2431 Indugredi
529 2367 607 2410 cum
621 2365 694 2410 non
708 2343 824 2428 liceat,
844 2343 894 2409 sic
912 2343 1198 2429 comminitandO,

256 2477 298 2543 15
321 2471 453 2556 Nempe
471 2491 672 2536 reversurus
690 2491 828 2535 mensor
845 2468 910 2535 lati
927 2476 1031 2555 atque
1049 2469 1229 2557 profundi,

321 2595 490 2683 Tempore
508 2601 661 2660 maturas
681 2616 749 2680 quo
768 2594 838 2660 fert
855 2617 941 2662 uvas
959 2600 1155 2664 autumnus.

321 2720 423 2786 Nosti
442 2726 477 2785 te
495 2719 606 2786 multa
625 2719 762 2806 quoties
776 2742 878 2807 prece
896 2719 1098 2806 sollicitavi,

321 2845 474 2932 Legibus
493 2852 532 2912 ut
550 2846 637 2912 velis
656 2846 707 2912 ita
725 2853 760 2912 te
779 2846 991 2931 submittier,
1011 2854 1050 2913 ut
1069 2870 1143 2935 pes,

321 2972 467 3057 Fauces,
484 2971 621 3059 lingua,
639 2994 775 3057 manus,
789 2972 987 3059 palpebrae,
1008 2971 1100 3039 oculi
1114 2979 1219 3059 atque
1236 2974 1374 3059 lacerti,

255 3100 300 3164 20
322 3096 477 3163 Membra
497 3096 621 3184 quibus
640 3103 745 3184 caput
761 3104 813 3162 est
828 3104 954 3182 rector,
971 3104 1071 3185 pater
1089 3105 1195 3184 atque
1213 3099 1388 3186 magister.

322 3196 387 3289 llla
410 3230 529 3290 carent
548 3222 691 3308 (inquis)
705 3223 832 3310 capite,
858 3229 912 3289 ast
929 3246 994 3309 ego
1013 3246 1090 3289 sum
1108 3224 1298 3311 capitatus,

322 3348 368 3414 Et
383 3371 486 3414 sensu
501 3348 642 3435 proprio
661 3355 766 3434 atque
784 3347 957 3435 profunda
972 3347 1105 3435 gaudeo
1125 3357 1255 3433 mente,

322 3472 431 3550 Quem
451 3474 581 3541 cerebri
601 3480 778 3559 nequeunt
797 3472 977 3560 cordisque
991 3495 1118 3540 areana
1135 3475 1256 3559 latere,

322 3598 400 3665 Etsi
418 3599 538 3685 lingue
557 3598 656 3684 nihil,
677 3598 788 3664 nilum
806 3621 875 3665 vex
892 3607 1030 3686 promat
1045 3621 1160 3665 avara.

255 3727 299 3791 25
323 3725 415 3811 Ergo
430 3732 465 3790 et
481 3724 663 3791 consilium
682 3731 734 3790 est
752 3725 945 3812 proprium,
964 3724 1061 3790 velut
1079 3731 1114 3790 et
1133 3731 1238 3811 caput
1256 3732 1309 3792 est
1323 3726 1384 3808 mi,

322 3852 374 3917 Ne
393 3850 530 3937 cupiam
548 3856 629 3915 tuus
649 3872 735 3933 esse,
755 3872 850 3916 meus
868 3851 960 3936 potis
979 3873 1064 3934 esse,
1084 3851 1240 3937 superbe.

323 3976 415 4054 Quin
434 3975 539 4041 etiam
558 3974 674 4062 exigui
694 3975 803 4041 veluti
819 3974 1052 4041 moderamine
1069 3975 1158 4042 clavi

323 4100 471 4168 immani
489 4124 684 4189 praegnans
708 4100 809 4166 findit
826 4122 921 4167 mars
939 4099 1089 4187 pondere
1108 4101 1220 4185 navia,

324 4226 382 4292 Sic
400 4226 485 4293 duee
505 4250 559 4293 me
576 4227 751 4293 interdum
770 4231 875 4314 caput
893 4235 928 4292 et
946 4247 1008 4291 sua
1027 4226 1180 4291 membra
1198 4226 1375 4293 meabunt.

416 4498 431 4546 5
447 4497 595 4563 prophano
659 4496 690 4546 16
706 4498 879 4545 a-utumnus
897 4492 970 4558 (aie),
984 4493 1055 4544 cart
1072 4494 1159 4544 velato
1170 4492 1369 4545 idtumnusll
