3390 5122
570 427 614 472 DE
635 426 791 472 LAMPADE
812 426 1015 473 venareum.

671 699 710 764 V.
734 699 920 765 Meuanvu.

307 930 438 1008 Quarto
469 953 510 995 ex
538 953 578 996 eo
608 929 780 998 sufficiens
803 931 897 998 facta
919 931 1114 997 numeratio
1142 930 1146 1020 l
1175 930 1360 1014 iudicatur,
1387 930 1506 992 14P

218 1055 309 1141 quod
321 1055 523 1122 universum
535 1063 569 1122 et
582 1080 683 1123 omne
699 1057 792 1142 quod
807 1063 859 1122 est
875 1066 910 1124 et
925 1057 1067 1142 dicitur,
1080 1056 1118 1121 in
1137 1055 1253 1122 decem
1269 1078 1366 1142 prae-

218 1181 491 1248 dicamentorum
503 1181 682 1249 ordinibus
698 1182 900 1270 explicatur,
913 1183 1003 1248 etad
1020 1182 1156 1248 eosdem
1174 1176 1365 1264 reducitur,

176 1310 197 1372 t>
219 1306 275 1372 vel
294 1307 482 1374 secundum
500 1309 594 1396 ipsos
613 1308 844 1396 significatur,
864 1309 919 1374 vel
938 1307 1007 1374 illis
1026 1307 1237 1394 intelligitur
1256 1306 1368 1381 adiec-

218 1437 302 1499 tum.
326 1433 480 1499 Cunctae
508 1456 588 1501 vero
607 1433 861 1521 propositiones
884 1433 928 1500 ab
947 1433 1032 1522 ipsis
1056 1432 1255 1520 desumptae
1275 1437 1366 1497 cate-

217 1558 326 1644 goriis
350 1559 405 1625 vel
435 1558 531 1647 quid,
558 1559 614 1625 vel
639 1559 752 1646 quale,
772 1559 828 1626 vel
859 1566 1042 1645 quantum,
1065 1558 1120 1624 vel
1148 1558 1193 1624 ad
1215 1556 1362 1644 aliquid,

219 1684 274 1751 vel
305 1685 400 1751 aliud
419 1708 437 1750 e
456 1684 598 1751 famosis
628 1685 770 1771 reliquis
798 1686 1002 1770 enunciant;
1035 1707 1182 1771 quorum
1209 1683 1363 1750 omnium

220 1811 502 1896 singulorumque
530 1818 662 1898 partes,
693 1811 831 1877 ordines
863 1818 898 1876 et
927 1810 1184 1878 adtributorum
1212 1809 1363 1875 rationes

153 1935 197 2000 10
219 1958 280 2022 per
298 1959 438 2022 genera,
455 1936 687 2022 definitiones,
705 1937 934 2024 proprietates
950 1944 984 2003 et
1003 1935 1194 2002 accidentia
1211 1933 1364 2000 indican—
1468 1958 1470 1965 ’

223 2069 292 2146 tur,
309 2069 531 2147 accusantur,
550 2062 810 2146 examinantur,
830 2062 1037 2129 iudicantur.

672 2326 907 2393 VENATOR.

676 2704 701 2768 Ι.
726 2703 912 2768 llannavrr.

309 2941 376 3005 Per
394 2939 540 3005 eundem
560 2939 694 3026 amplae
717 2938 919 3025 venationis,
936 2962 1095 3026 campum
1119 2962 1225 3025 aeque
1244 2938 1364 3025 fruga-

155 3065 198 3130 15
221 3064 302 3130 liter
319 3086 390 3130 non
409 3065 483 3149 uni,
504 3064 562 3130 sed
582 3070 673 3130 certe
692 3064 896 3152 multiplicis
918 3065 1054 3151 generis
1073 3064 1263 3131 discurrere
1279 3064 1361 3129 licet

221 3189 388 3258 venatori.
409 3190 491 3256 Sive
509 3191 602 3257 enim
621 3191 678 3277 pie
701 3191 834 3257 activus
856 3214 918 3278 per
940 3191 1065 3277 legem,
1086 3190 1158 3257 sive
1181 3189 1363 3278 perfidem

222 3318 500 3406 argumentosius
516 3319 820 3405 contemplativus,
834 3318 938 3384 habet
951 3318 1042 3383 circa
1055 3317 1145 3403 quod
1157 3317 1364 3403 inquirondo

221 3451 395 3530 pertentet
419 3444 576 3511 invenire
599 3443 788 3529 theologus.
814 3441 894 3508 Sive
917 3443 1132 3510 sublimitate
1156 3443 1366 3531 metaphysi-

223 3592 313 3655 cum,
333 3571 406 3636 sive
424 3571 598 3658 gravitate
621 3568 815 3657 physicum,
840 3568 912 3634 sive
935 3569 1132 3635 moralitate
1155 3569 1306 3634 ethicum
1330 3592 1366 3634 se

156 3697 201 3762 20
223 3695 423 3783 depromere
447 3697 577 3784 cupiat,
597 3694 823 3781 inquisitione
853 3700 1039 3778 scrutatur,
1059 3700 1099 3759 ut
1129 3694 1256 3759 iudicio
1289 3717 1367 3760 con-

223 3821 423 3907 templetur,
448 3820 654 3908 speculetur,
673 3819 932 3908 praecipiatque
946 3820 1038 3906 leges
1054 3819 1237 3884 indicendo
1257 3818 1366 3905 philo-

222 3945 359 4033 sophus.
380 3945 460 4012 Sive
479 3946 532 4012 uti
551 3945 754 4032 strepitosns
778 3951 874 4011 actor
894 3945 937 4010 ad
956 3952 1036 4032 apte
1056 3945 1215 4010 derebus
1231 3944 1269 4010 in
1289 3966 1366 4009 con-

225 4072 413 4138 sultatione
448 4071 572 4159 positis
607 4070 791 4136 (licendum
823 4076 857 4136 et
891 4070 1169 4157 proponendum,
1204 4070 1276 4136 sive
1311 4069 1364 4134 uti

223 4198 380 4284 praeitor
393 4197 436 4263 ad
450 4198 618 4264 maturius
631 4197 897 4264 examinandum
913 4203 947 4261 ct
960 4195 1198 4281 iudicandum,
1211 4219 1281 4262 non
1297 4197 1366 4262 nisi
1392 4202 1452 4265 15
1467 4202 1512 4265 P

316 4475 365 4527 a?
382 4476 556 4544 cathegorijs
572 4477 621 4526 ΡΑ
685 4479 723 4527 18.
736 4478 766 4527 19
782 4477 1033 4545 Mothaphysicnm
1049 4477 1099 4527 ΡΛ
