3390 5122
579 421 624 467 nu
644 422 802 468 taurana
822 424 1022 471 vnnaronra
1338 406 1375 469 19

230 577 451 666 perfectionis
469 579 626 645 habitum
647 581 872 666 assequimur,
892 605 959 666 quo
972 582 1110 647 tandem
1131 582 1233 667 (vires
1252 604 1375 667 sugge-

230 712 327 771 rente
346 704 499 790 numine)
518 728 581 793 pro
605 707 796 794 praesentis
816 714 926 773 status
946 713 1050 793 atque
1068 708 1161 773 vitae
1183 707 1375 795 capacitate

229 832 273 896 ad
292 832 431 898 diuinae
449 833 674 920 possessionis
693 839 828 920 partem
846 832 1107 899 transferamur.

701 1129 899 1195 OAMPVS.

678 1491 705 1554 I.
730 1489 917 1554 Munnavn.

314 1690 462 1778 Campus
475 1703 526 1756 est
538 1688 732 1756 universale
742 1692 911 1778 spacium,
932 1715 1082 1758 recessus
1099 1699 1134 1757 et
1150 1693 1238 1759 atria
1257 1693 1367 1758 multa

225 1816 467 1902 complectens,
483 1816 521 1881 in
539 1815 663 1901 quibus
673 1817 793 1882 venari
806 1823 841 1882 et
852 1817 1009 1884 invenire
1025 1817 1239 1883 tentandum.
1256 1816 1369 1883 Huius

224 1941 369 2028 primae,
394 1941 525 2007 mediae
552 1942 763 2028 ultimaeque
786 1949 901 2030 partes
933 1966 972 2008 ea
996 1943 1066 2008 suis
1091 1943 1269 2009 ordinibus
1292 1944 1367 2008 loca

223 2065 392 2150 referunt,
413 2089 501 2152 quae
520 2067 569 2132 ita
586 2075 667 2132 sunt
689 2070 1043 2155 argumentationum,
1064 2075 1103 2134 ut
1122 2068 1243 2134 literae
1262 2067 1366 2156 scrip·

158 2198 201 2264 10
224 2197 321 2257 turae
342 2191 450 2279 ipsius
470 2192 567 2257 bases
584 2200 618 2257 et
631 2193 800 2259 elementa
823 2194 1058 2281 perhibentur.
1078 2195 1120 2260 In
1136 2194 1229 2260 hisce
1245 2192 1367 2281 plalne
1393 2200 1425 2262 5
1439 2201 1484 2264 Ρ

223 2317 493 2384 inducendarum
513 2319 868 2406 notificandarumque
891 2321 1155 2408 particularium
1179 2320 1368 2386 conclusio·

222 2465 305 2507 num
329 2443 396 2508 sita
419 2451 471 2509 est
494 2444 659 2531 potentia.
679 2446 841 2511 Praeesse
865 2446 993 2534 quippe
1016 2446 1288 2533 praehaberique
1307 2447 1364 2511 de-

223 2570 305 2634 bent
328 2570 366 2634 in
390 2570 504 2635 anima
527 2571 790 2657 praeordinatae
813 2573 1022 2658 praemissae
1040 2572 1208 2659 quaedam
1226 2573 1364 2639 univer-

221 2696 322 2782 sales,
340 2697 403 2761 sub
416 2696 542 2782 quibus
556 2698 825 2784 uniuscuiusque
842 2699 927 2764 artis
939 2699 1100 2786 propriae
1112 2700 1207 2765 velut
1222 2699 1260 2764 in
1270 2699 1364 2764 actui

157 2835 198 2900 15
222 2826 416 2912 propinqua
438 2823 603 2890 facultate
627 2824 871 2911 intelligantur
893 2825 1043 2910 quadam
1068 2825 1247 2891 contineri.
1268 2822 1363 2891 Ha'ec

219 2950 338 3016 eadem
355 2950 416 3016 illa
434 2955 528 3034 sunt,
544 2950 669 3035 quibus
685 2950 938 3016 demonstrator
953 2951 998 3016 ad
1017 2952 1161 3016 alteram
1182 2973 1268 3036 quae
1288 2957 1363 3016 tan-

219 3081 294 3141 tum
313 3099 393 3142 vera
413 3075 609 3160 concludat,
631 3075 765 3163 topicus
785 3081 901 3140 autem
915 3070 1096 3140 indefinite
1116 3075 1159 3141 ad
1178 3083 1361 3161 utramque

220 3201 502 3268 contradictionis
525 3208 660 3289 partem
683 3202 794 3267 utitur
817 3200 1042 3267 inferendam.
1062 3202 1138 3266 Hoc
1160 3208 1261 3289 pacto
1281 3225 1359 3267 eun-

220 3325 297 3392 dern
319 3327 475 3413 gladium
504 3326 560 3391 hic
591 3327 728 3413 quidem
748 3333 886 3392 tantum
916 3326 959 3392 ad
989 3325 1242 3392 defendendum
1265 3333 1361 3391 tuen-

152 3461 197 3525 20
219 3451 369 3538 dumque
388 3475 521 3536 verum,
541 3453 599 3517 ille
616 3474 697 3520 vero
718 3452 761 3519 ad
782 3452 951 3538 quidlibet
974 3475 1037 3540 pro
1057 3453 1234 3520 occasione
1253 3458 1287 3517 et
1306 3475 1359 3517 ar·

218 3577 324 3642 bitrio
343 3578 618 3664 prosequendum
637 3579 789 3644 destinat
808 3584 842 3643 et
858 3578 1011 3665 adaptat.

659 3837 705 3900 ΙΙ.
728 3837 914 3902 Msunnvn.

304 4084 371 4151 Hic
387 4110 504 4154 eorum
524 4089 636 4155 valere
654 4089 819 4176 percupio
849 4090 1022 4176 talparum
1053 4088 1274 4171 sententiam,
1295 4089 1354 4172 qui

216 4213 301 4277 artis
320 4213 421 4279 liuius
439 4216 543 4279 finem
567 4222 671 4300 atque
695 4222 905 4281 momentum
931 4215 1014 4280 adeo
1039 4216 1107 4280 alte
1131 4235 1355 4299 consurgens,

307 4482 501 4548 GspatiumG
565 4487 596 4533 10
613 4485 770 4535 elementae
785 4485 809 4534 P
874 4482 1246 4550 rlnotfic÷a11uarumqu0P
