3390 5122
563 425 606 466 un
627 422 867 468 courosmroun
888 424 1069 486 insomni,
1094 428 1112 468 1.
1349 412 1405 470 169

356 579 373 626 I
399 578 496 645 VIII.
518 580 560 644 In
579 585 696 644 centro
727 581 933 667 apponentis
964 579 1201 667 simulacrum,
1221 581 1264 646 ad
1284 581 1407 646 orient.

265 704 432 792 episcopi,
452 703 496 770 ad
515 703 620 770 occid.
640 704 833 791 hypocrisis
856 705 1086 790 simulacrum,
1110 707 1147 771 in
1166 707 1284 771 merid.
1303 728 1409 793 oppo-

266 831 396 914 nentis,
416 838 501 916 sept.
525 837 634 895 vacat.

353 955 370 1002 I
400 955 464 1019 IX.
484 954 527 1019 In
546 960 664 1020 centro
688 955 868 1042 armigeri,
888 956 932 1021 ad
951 956 1072 1022 orient.
1097 958 1245 1022 errantis
1269 958 1407 1023 simula-

221 1082 242 1144 b
266 1103 362 1147 crum
382 1104 441 1146 seu
460 1079 636 1166 erigentis,
647 1079 691 1144 ad
705 1080 871 1145 occident.
891 1081 973 1145 irati
992 1104 1051 1146 seu
1074 1081 1260 1166 irridentis,
1279 1082 1323 1147 ad
1340 1105 1406 1148 rne-

265 1206 327 1272 rid.
349 1206 542 1272 ordinantis
565 1229 625 1271 seu
656 1205 828 1286 ornantia,
848 1206 891 1270 ad
911 1212 1085 1294 septemtr.
1106 1207 1271 1292 urgentis

354 1331 371 1378 l
397 1331 442 1396 X.
462 1333 505 1396 In
525 1337 642 1396 centro
661 1330 877 1397 ascendentis
890 1353 949 1395 seu
961 1331 1195 1419 aspergentiS,
1217 1332 1261 1397 ad
1280 1332 1403 1398 orient.

245 1457 455 1541 esurientis,
476 1456 519 1521 ad
539 1455 643 1521 occid.
664 1454 852 1541 isagogici,
874 1455 917 1521 ad
937 1455 1115 1521 meridiem
1134 1456 1320 1521 osculantis
1344 1480 1404 1522 sou

264 1582 491 1665 ostendentis,
511 1580 555 1646 ad
574 1589 715 1668 septem.
732 1579 976 1666 usucapientis.

199 1712 242 1773 10
354 1706 372 1753 I
404 1707 468 1771 XI.
489 1707 531 1771 In
551 1713 670 1772 centro
700 1706 919 1772 attollentem
947 1729 1007 1771 scu
1029 1705 1205 1789 athletam,
1225 1706 1262 1770 in
1282 1706 1403 1771 orient.

265 1832 371 1898 ethici
391 1833 629 1910 simulacrum,
655 1830 698 1896 ad
717 1831 822 1896 occid.
841 1831 1054 1914 itinerantiS,
1075 1830 1118 1897 ad
1137 1831 1256 1897 merid.
1283 1831 1401 1916 otiosi,

265 1959 309 2024 ad
325 1964 501 2045 septemtr.
520 1958 710 2023 utilitatem
728 1955 914 2022 afferentis.

352 2085 369 2131 ‘l
395 2083 480 2148 XII.
496 2083 538 2147 In
556 2090 674 2148 centro
689 2081 902 2148 auferentem
923 2104 981 2146 seu
995 2088 1218 2166 avertentem,
1233 2081 1277 2147 ad
1296 2082 1407 2147 orien-

264 2217 333 2274 tem
362 2209 607 2295 evaginantem
628 2231 687 2273 seu
712 2207 975 2292 eviscerantem,
1001 2206 1045 2272 ad
1061 2206 1166 2271 occid.
1190 2206 1404 2290 elicientem,

199 2334 240 2397 15
263 2333 382 2400 merid.
402 2341 437 2399 et
456 2340 630 2420 septemtr.
646 2339 781 2400 vacant.

351 2461 368 2507 l
395 2461 497 2525 XIII.
517 2462 560 2525 In
580 2467 697 2525 centro
728 2457 911 2524 axiomatis
938 2457 1172 2540 simulacrum,
1204 2457 1247 2522 ad
1279 2457 1401 2523 orient.
1429 2461 1506 2525 ’74

261 2588 448 2676 explicans,
468 2588 512 2654 ad
534 2587 639 2653 occid.
659 2586 791 2651 Ixionis
813 2584 1042 2668 simulacrum,
1063 2583 1180 2650 merid.
1200 2593 1235 2669 et
1260 2590 1401 2672 septem.

262 2721 397 2780 vacant.

693 2920 844 3025 cunin
879 2959 979 3024 xm

632 3110 735 3151 Secundo
747 3111 842 3151 ollarum
854 3111 1029 3151 concinentium.

347 3320 389 3384 In
413 3320 524 3405 primo
544 3320 628 3384 item
659 3319 826 3386 cubilium
854 3321 1040 3405 minorum,
1068 3321 1129 3387 ubi
1154 3322 1329 3388 Bonitatis
1348 3330 1400 3388 est

258 3447 479 3512 simulacrum
508 3469 571 3533 pro
597 3444 832 3531 sensibilibus,
857 3470 994 3513 rursum
1024 3449 1061 3513 in
1082 3450 1191 3514 centri
1223 3449 1399 3535 triangulo

258 3571 416 3657 intellige
435 3571 670 3657 baptizantem
690 3573 745 3637 vel
763 3571 973 3638 baiulantem
995 3596 1072 3638 cum
1097 3597 1156 3677 sax
1175 3576 1400 3661 angularibus

259 3719 319 3761 suo
339 3696 459 3761 ordine
478 3697 770 3783 cooperatoribus,
789 3698 887 3763 iuxta
916 3721 976 3763 sex
1005 3698 1201 3764 baiulorum
1232 3701 1331 3786 signa
1351 3701 1400 3765 (li-

192 3828 234 3892 25
258 3821 449 3888 versimodc
473 3845 508 3886 se
536 3821 759 3907 habentibus,
786 3824 830 3888 all
860 3823 1027 3888 orientem
1054 3823 1314 3890 benedicentem
1343 3827 1398 3891 vcl

258 3947 474 4031 bellatorem,
494 3970 595 4032 quern
628 3947 757 4013 circum
776 3948 813 4013 in
832 3949 969 4035 angulis
993 3949 1247 4034 triangulorum
1266 3974 1324 4015 sex
1344 3951 1399 4016 bc-

257 4073 463 4138 nedictionis
483 4071 613 4137 formae
631 4073 687 4138 vel
709 4073 987 4138 circumstantiae
1007 4074 1199 4159 sensibiles,
1218 4077 1273 4141 vel
1292 4076 1329 4140 in
1347 4099 1398 4142 or·

257 4197 357 4283 ganis
377 4197 430 4261 vol
455 4197 493 4261 in
509 4196 737 4262 efficientibus
757 4199 813 4262 vel
831 4198 869 4262 in
888 4198 1057 4283 utrisque,
1078 4199 1121 4263 ad
1152 4199 1257 4266 occid.
1277 4201 1397 4267 biben-

258 4329 327 4386 tem
346 4321 400 4386 vel
420 4321 646 4407 bibliopolam
662 4345 739 4387 cum
757 4321 901 4387 diversis
922 4323 1115 4388 actionibus
1136 4333 1170 4389 et
1189 4324 1243 4390 sui
1262 4326 1397 4411 generis

191 4454 236 4516 30
259 4447 478 4529 utensilibus,
499 4447 543 4511 atl
567 4447 684 4511 urorid.
716 4449 874 4514 boarirun
898 4472 958 4514 seu
973 4459 1146 4536 pastorem
1167 4451 1398 4517 bubulcumve

384 4567 459 4606 Bnom
477 4571 530 4616 opp.
547 4569 586 4605 lut.
603 4567 638 4617 11,
654 4569 675 4606 3.
1215 4569 1218 4573 “
