3390 5122
490 409 535 475 DF}
555 409 796 456 courosmomt
817 409 1003 471 maomvu,
1024 411 1044 454 1.

628 818 781 886 GAPVT
809 820 906 886 XIV.

523 982 558 1022 De
568 981 697 1023 firmatione
709 983 836 1033 specierum
847 986 1013 1034 porretanum.

285 1278 334 1344 Ut
350 1277 525 1342 commode
555 1277 770 1344 retineantur
799 1278 880 1344 illae
911 1277 1160 1345 adiectivorum
1181 1278 1336 1345 locorum

196 1403 339 1487 species,
364 1402 658 1468 concatenationis
688 1403 818 1470 virtute
852 1403 1114 1490 providendum.
1149 1405 1338 1489 Postquam

151 1529 287 1597 henim
317 1528 355 1592 in
389 1527 470 1593 atrii
506 1529 625 1594 altaris
663 1529 776 1594 medio
806 1530 921 1615 ipsum
951 1535 1003 1594 est
1033 1529 1141 1595 altare
1172 1552 1250 1595 oum
1273 1530 1341 1596 sihi

196 1651 352 1733 adiectiS,
374 1652 411 1716 in
436 1653 564 1738 angulo
588 1653 731 1720 orientis
762 1660 814 1719 est
842 1660 964 1719 catena
982 1676 1185 1740 suspensum
1212 1677 1254 1720 ex
1273 1677 1342 1721 una

196 1782 331 1862 partem
353 1785 518 1860 aratrum,
536 1801 577 1843 ex
598 1779 707 1844 altera
726 1801 834 1865 aquae
852 1801 930 1862 vas,
951 1779 989 1843 in
1005 1779 1134 1866 angulo
1154 1778 1342 1845 occidentis

197 1902 391 1966 eterrestri
414 1902 518 1988 globo
542 1906 654 1989 surgit
679 1904 793 1986 arbor,
825 1926 928 1991 super
958 1927 1026 1989 qua
1056 1927 1242 1991 suspensae
1261 1912 1342 1971 sunt

197 2029 332 2115 epulae,
353 2029 390 2093 in
414 2050 515 2115 angu.
543 2030 661 2095 merid.
685 2029 836 2095 anchora
861 2053 963 2116 super
987 2053 1125 2096 cumini
1144 2036 1196 2096 est
1214 2028 1342 2095 heben-

131 2159 174 2221 10
195 2160 266 2218 tem
282 2154 326 2218 ad
345 2153 501 2219 dextram
518 2157 683 2242 palmam,
697 2155 734 2220 in
750 2178 829 2241 ang.
843 2162 928 2242 sept.
947 2158 986 2221 in
1003 2178 1138 2221 carcere
1157 2177 1260 2242 super
1279 2155 1343 2221 sel-

197 2278 266 2343 lam
286 2287 337 2344 est
356 2278 472 2362 cadus,
495 2280 538 2345 ad
560 2281 680 2345 orient.
698 2282 863 2368 amphora
883 2281 1021 2348 lavatur
1043 2282 1185 2363 thorax,
1208 2282 1251 2347 ad
1272 2303 1340 2347 ooo.

198 2405 234 2469 in
253 2404 391 2470 fornace
415 2406 505 2470 ensis
528 2405 609 2493 igne
628 2413 852 2493 temperatur,
874 2407 918 2471 ad
940 2429 1021 2472 mer.
1042 2407 1079 2472 in
1098 2407 1235 2473 stabulo
1259 2412 1342 2472 sunt

197 2528 315 2615 fruges
335 2530 559 2616 fumigantes,
580 2531 623 2596 ad
639 2554 707 2618 sep.
725 2533 762 2597 in
781 2531 928 2619 scaphae
948 2530 1059 2597 medio
1080 2539 1131 2597 est
1156 2529 1338 2614 scrinium,

198 2653 289 2739 quod
316 2663 368 2719 est
395 2653 584 2720 fundamen
618 2656 712 2738 solii;
744 2656 794 2721 ita
823 2656 864 2722 de
889 2656 1033 2742 reliquis
1064 2656 1253 2743 intelligito
1269 2653 1273 2661 ’
1290 2655 1342 2721 fa·

133 2784 174 2847 15
199 2779 371 2844 cinndum.

296 2905 487 2970 ‘lProficue
506 2928 692 2971 numerum·
707 2906 920 2972 adiectorum
946 2906 1143 2973 huiusmodi
1167 2928 1275 2992 usque
1298 2905 1343 2970 ad

198 3028 264 3093 tibi
289 3029 516 3095 constitutum
546 3031 733 3097 terminum
756 3038 791 3097 et
809 3032 911 3098 facile
934 3033 1063 3119 poteris
1089 3054 1233 3118 augere,
1253 3036 1293 3096 ut
1312 3029 1353 3095 si·

197 3177 307 3220 unum
326 3154 474 3242 singulis
486 3155 628 3222 adiicias
646 3157 814 3242 terminis,
828 3157 916 3223 atria
930 3157 1014 3224 haec
1027 3157 1136 3223 nihilo
1148 3157 1263 3222 minus
1275 3155 1343 3220 tibi

199 3280 327 3346 servire
346 3288 509 3367 poterunt
530 3305 634 3367 quam
647 3283 768 3370 campi,
783 3282 1063 3369 quandoquidem
1075 3282 1143 3348 duo
1162 3289 1266 3369 atque
1283 3281 1343 3346 tri-

133 3416 178 3480 20
199 3405 298 3490 ginta
314 3406 405 3472 circa
424 3407 532 3472 altare
544 3407 610 3472 tibi
626 3407 871 3474 redundabunt
887 3408 1028 3474 adiecta.
1047 3407 1132 3473 Inde
1144 3429 1215 3473 non
1232 3407 1342 3473 solum

199 3533 389 3618 primorum
421 3534 688 3621 compositorum
717 3533 844 3600 habeas
875 3534 1044 3621 imagines
1072 3533 1220 3621 triginta
1251 3533 1342 3598 circa

200 3679 323 3741 unum,
343 3681 463 3724 verum
493 3660 599 3725 etiam
619 3660 755 3743 (merito
782 3660 869 3727 situs
894 3668 997 3745 atque
1028 3660 1171 3743 ordinis)
1195 3658 1342 3725 aliarum

200 3787 505 3871 praesentabilium
522 3810 636 3853 rerum
648 3787 769 3852 formis
788 3787 967 3875 aptissima
986 3787 1250 3852 substernantur
1266 3806 1344 3850 con-

202 3912 388 3996 captacula.

292 4195 307 4243 2
324 4196 479 4246 cathenam
535 4197 677 4260 lspecies
690 4195 958 4246 concathenationis
1011 4196 1027 4244 6
1045 4195 1168 4245 cathena
