3390 5122
332 383 390 442 104
770 397 910 443 manem
930 398 1033 444 anvur

331 555 462 621 tionem
482 577 524 620 ex
547 553 704 642 proxime
726 554 841 640 dictis,
862 554 961 640 quasi
983 555 1161 621 inductiva
1185 555 1418 622 concludendo
1437 565 1472 623 11

328 680 443 768 topice
464 680 671 768 applicando
690 702 867 767 possemus
889 680 1070 765 adducere,
1087 680 1155 746 nisi
1171 680 1471 768 superciliosorum

329 806 546 891 quorundam
566 829 644 872 cum
667 806 861 894 perniciosa
886 806 1084 893 ignorantia
1109 830 1286 874 censuram
1310 808 1472 875 formida·

328 954 451 998 remus.

283 1058 305 1123 ὅ
416 1056 508 1123 Illud
528 1064 645 1123 tamen
663 1057 902 1124 tanturmnodo
917 1057 1117 1125 melioribus
1134 1059 1284 1145 ingeniis
1300 1059 1471 1146 significa-

326 1190 401 1248 tum
421 1207 493 1249 esse
512 1182 683 1267 volumus,
703 1182 794 1268 quod
812 1182 995 1271 multiplex
1019 1191 1071 1250 est
1089 1184 1142 1252 vis
1161 1185 1199 1250 in
1214 1185 1469 1272 propositorum

327 1309 578 1397 principiorum
607 1310 683 1374 luce
709 1315 744 1374 et
772 1315 896 1395 vegeto
923 1309 1071 1395 quodam
1099 1309 1179 1376 sale.
1199 1311 1350 1376 Rursum
1370 1320 1404 1376 et
1432 1311 1469 1375 in

325 1435 380 1501 his
405 1458 491 1521 quae
519 1458 561 1499 ex
584 1434 781 1502 huiusmodi
804 1435 986 1523 principiis
1008 1434 1132 1501 leviter
1155 1443 1259 1522 atque
1284 1435 1417 1501 sobrius
1434 1442 1469 1501 et

327 1560 426 1645 quasi
444 1583 515 1626 non
532 1581 595 1647 pro
615 1583 733 1627 eorum
750 1561 935 1626 latitudine
959 1560 1160 1627 concludere
1180 1569 1214 1626 et
1230 1559 1358 1626 inferre
1376 1560 1469 1627 vide-

262 1684 304 1748 10
327 1709 415 1771 mur,
440 1693 561 1775 utpote
590 1686 650 1773 qui
673 1685 716 1753 ab
742 1685 902 1774 ampliori
926 1708 1030 1772 quam
1052 1708 1116 1772 par
1139 1687 1185 1752 sit
1207 1686 1396 1752 universali
1424 1685 1468 1751 ad

325 1812 535 1899 particulare
550 1812 804 1896 descendimus,
823 1813 943 1897 regula
959 1811 1140 1878 dialectica
1156 1812 1362 1896 obsistente,
1380 1835 1467 1897 quae

331 1959 351 2002 1
369 1939 525 2025 proximo
545 1962 683 2025 genere,
704 1961 775 2004 non
792 1945 908 2004 autem
928 1961 948 2003 a
966 1944 1098 2004 remoto
1122 1945 1227 2023 atque
1246 1938 1373 2026 primo,
1393 1960 1468 2025 par-

324 2062 506 2129 ticularem
532 2064 729 2148 scientiam,
756 2062 1060 2148 definitionemque
1082 2086 1123 2128 ex
1146 2063 1288 2150 propria
1310 2063 1467 2129 differen-

324 2188 375 2255 tia
393 2190 564 2277 praecipit
583 2212 764 2255 assumere.

259 2306 301 2372 15
414 2311 481 2378 Sed
504 2313 592 2379 bene
620 2313 834 2400 intelligenti
861 2335 979 2401 pauca.
1010 2312 1197 2398 Reliquum
1220 2319 1272 2377 est
1295 2319 1334 2377 nt
1358 2310 1401 2377 ad
1424 2334 1465 2376 11

325 2460 412 2523 quae
431 2439 468 2504 in
486 2439 664 2527 proposito
688 2439 865 2525 signorum
885 2445 989 2525 atque
1008 2438 1201 2525 imaginum
1225 2435 1466 2525 specificanda-

323 2589 401 2632 rum
420 2565 588 2632 adducere
611 2546 840 2631 necessarium
864 2571 929 2650 est,
953 2586 1042 2649 qnae
1065 2586 1136 2630 non
1160 2564 1204 2629 ad
1228 2585 1345 2630 omnes
1363 2560 1464 2627 modo

323 2692 500 2779 potentiae
524 2690 778 2778 cognoscitivae
802 2689 1018 2777 operationes
1040 2689 1226 2777 pertinere,
1244 2695 1279 2753 et
1302 2709 1373 2753 nou
1396 2709 1466 2753 mo·

324 2815 438 2882 dicum
463 2815 685 2882 emolumenti
709 2815 843 2882 adferre
871 2815 1094 2899 videbuntur,
1118 2836 1237 2879 verum
1257 2821 1292 2879 et
1316 2814 1359 2880 ed
1379 2813 1463 2880 alias

257 2946 302 3010 20
325 2963 409 3026 quas
424 2964 495 3007 non
513 2941 730 3008 nominamus
750 2942 966 3028 operationes
990 2939 1231 3024 nihilominus,
1246 2940 1337 3025 quod
1355 2941 1464 3028 appli-

325 3066 474 3151 catione,
494 3066 689 3133 intentione
709 3066 999 3154 conceptioneque
1016 3064 1175 3152 perfacili
1192 3066 1351 3132 solertius
1370 3066 1464 3152 inge-

324 3191 420 3257 nium
439 3183 647 3277 assequetur.

698 3469 849 3535 OAPVT
886 3468 1088 3535 SEXTVM.

641 3615 675 3655 Do
687 3614 831 3654 distinctione
844 3615 967 3663 imaginum
982 3617 1004 3654 ct
1018 3614 1140 3664 signorum.

256 3820 299 3883 25
411 3823 584 3910 Imagines
604 3830 707 3911 atque
726 3824 827 3912 signa
847 3824 915 3891 alia
931 3832 1013 3891 sunt
1029 3825 1258 3912 sensibilium,
1276 3829 1345 3894 alia
1363 3829 1463 3894 intel·

322 3949 524 4035 ligibilium;
546 3949 713 4035 quaedam
732 3951 1018 4036 substantiarum,
1040 3951 1207 4037 quaedam
1223 3953 1462 4040 accidentium,

323 4074 491 4160 quaedam
504 4074 766 4163 magnitudinis,
781 4077 949 4162 quaedam
962 4078 1117 4162 virtutis,
1135 4079 1303 4164 quaedam
1318 4081 1461 4165 numeri,

322 4200 480 4285 actionis,
500 4201 682 4288 passionis,
698 4202 888 4289 potentiae,
906 4211 1016 4289 actus,
1034 4205 1256 4292 cognitionis,
1277 4206 1460 4293 appetitus,

414 4469 428 4518 7
446 4468 463 4518 l.
480 4467 561 4519 sole?
