3390 5122
218 404 278 463 354
660 417 800 462 rourum
820 415 922 461 snvru

220 578 328 665 ipsius
343 578 496 644 civitatis
509 599 617 661 more,
636 579 665 643 7.
682 577 727 642 ab
743 576 890 643 oliorum
906 599 1000 643 more
1015 576 1387 665 rerumpublicarum

219 704 250 767 8.
270 725 290 767 a
309 704 414 787 iusto,
437 703 610 788 legitimo,
630 702 789 780 honesto,
809 701 903 786 utili,
921 701 1080 789 possibili
1098 707 1134 767 et
1152 703 1387 786 neeessari0;

220 829 250 892 9.
276 827 320 892 eb
338 827 459 893 horum
481 827 674 894 contrariis.

699 1123 799 1189 oAP.
833 1124 911 1188 XV.

456 1270 490 1308 Do
507 1269 534 1307 iu
549 1280 608 1317 quoe
623 1273 744 1309 versantur
757 1269 818 1309 olroa
831 1279 903 1317 genus
917 1269 1129 1309 demonstretivum.

312 1509 430 1574 Genus
444 1507 757 1573 demonstrativum
776 1515 935 1574 versetur
950 1508 1041 1574 circo
1064 1507 1200 1574 laudem
1216 1515 1256 1574 et
1280 1513 1390 1578 vitu-

222 1635 357 1720 perium
380 1635 435 1699 vel
454 1655 584 1715 rerum,
602 1631 659 1697 vel
677 1632 927 1710 intentionum,
950 1633 1006 1698 vel
1024 1633 1302 1720 propositorum,
1321 1640 1390 1704 vel

223 1759 406 1824 verborum
430 1781 490 1824 seu
509 1758 735 1838 decretorum,
756 1757 813 1823 vel
831 1757 1027 1844 gestolrum
1044 1781 1104 1824 seu
1120 1759 1314 1826 actionum.
1338 1763 1391 1829 In
1420 1768 1496 1832 5⁹7
1508 1769 1550 1832 F

224 1885 301 1951 istis
325 1891 384 1950 aut
409 1883 583 1969 contingit
606 1883 829 1970 amplificare,
859 1890 921 1950 aut
949 1890 1154 1951 extenuare:
1183 1890 1394 1956 extenuare

161 2023 363 2096 lomagna,
387 2015 428 2074 ut
455 2031 562 2095 parve
592 2007 791 2091 videantur,
821 2009 1031 2096 amplificare
1055 2033 1109 2076 res
1138 2008 1313 2095 modicas,
1346 2023 1394 2082 ut

225 2157 371 2221 magnae
399 2140 597 2220 appareant.
627 2133 804 2220 Principia
833 2135 1044 2200 extenuandi
1072 2141 1106 2200 et
1134 2135 1395 2222 amplificandi

227 2282 268 2325 ex
291 2259 409 2324 eodem
437 2257 554 2324 redioe
582 2258 863 2344 proficiscuntur,
894 2259 987 2345 quod
1010 2260 1103 2325 enirn
1127 2259 1323 2328 affirmatio
1352 2275 1396 2331 et

226 2385 368 2450 virtutis
392 2384 519 2471 positio
543 2383 731 2470 amplificet
755 2393 789 2449 et
813 2386 962 2468 extollit,
986 2385 1073 2452 illud
1096 2385 1239 2471 negatio
1265 2388 1396 2456 virtu-

226 2509 271 2575 tis
288 2516 322 2574 et
340 2508 467 2596 positio
486 2509 566 2575 vitii
585 2508 761 2595 deprimit,
782 2509 926 2575 incuset.

686 2815 785 2881 OAP.
820 2816 917 2880 XVI.

614 2963 647 3002 Do
664 2960 845 3012 amplificationis
860 2961 984 3011 speciebus.

316 3201 567 3289 Amplifieatio,
585 3224 673 3286 quae
694 3201 897 3267 observetur
915 3200 952 3265 in
972 3200 1154 3267 efferendis
1172 3201 1398 3277 hominibus

227 3330 283 3394 rel
306 3327 552 3415 deprimendis
573 3327 763 3393 eommunis
782 3336 834 3391 est
857 3326 901 3392 ed
924 3326 1078 3391 omnium
1102 3326 1238 3392 leudem
1265 3338 1304 3395 et
1330 3336 1396 3401 vi.

226 3455 414 3542 tuperium;
446 3453 564 3517 eadem
598 3452 689 3516 enim
720 3452 855 3518 ratione
886 3450 1097 3517 celebremus
1130 3451 1316 3521 civitatem
1351 3469 1396 3528 et

161 3589 205 3652 ‘20
227 3580 380 3666 rempub.
406 3602 425 3644 a
454 3578 524 3643 suis
547 3577 807 3659 fundatoribus,
839 3576 1072 3643 seruatoribus
1100 3584 1134 3642 et
1164 3577 1394 3673 virtutibus,

229 3729 296 3791 quo
320 3704 475 3769 homines
500 3727 519 3768 o
543 3703 612 3768 suis
636 3702 838 3786 maioribuS,
862 3703 1065 3790 perentibus
1090 3708 1124 3767 et
1148 3701 1392 3778 facinoribus.

228 3835 340 3897 Loous
364 3833 465 3916 origo
486 3831 529 3895 ael
548 3828 843 3917 amplificandum,
871 3831 898 3892 1.
920 3837 971 3893 ost
990 3827 1233 3914 apraetoritis,
1247 3837 1393 3919 utpote
1424 3852 1502 3917 58
1513 3853 1553 3914 F

230 3981 249 4022 a
278 3957 398 4043 sigule,
429 3955 744 4043 praedictionibuS,
776 3977 931 4039 quaeque
960 3961 1073 4019 ortum
1102 3953 1248 4019 alieuius
1278 3980 1393 4043 prae-

231 4090 418 4162 cesserunt,
444 4104 566 4166 nempe
589 4080 880 4166 progenitoribus,
903 4087 1097 4164 stemmate,
1123 4079 1249 4167 pat-ria,
1276 4082 1393 4154 fami.

163 4215 205 4274 ‘25
229 4210 290 4292 lie,
317 4208 354 4271 in
387 4230 454 4292 qun
484 4206 537 4270 vel
572 4228 688 4270 omnes
724 4206 864 4269 fuerunt
896 4206 1047 4270 illustres
1082 4211 1128 4288 (et
1152 4213 1225 4271 tum
1251 4208 1390 4281 licebit

231 4334 386 4399 omnium
412 4331 465 4397 vel
490 4332 641 4418 plurium
662 4333 856 4417 catalogum
878 4339 881 4420 Ι
903 4339 1129 4418 praetexere),
1153 4333 1207 4396 vel
1232 4334 1391 4417 quidam
1423 4352 1553 4419 1394

232 4467 367 4524 tontum
390 4481 431 4522 ex
459 4458 543 4546 ipsis
572 4463 618 4542 (et
645 4467 729 4523 tuno
755 4481 794 4523 eu
825 4457 1045 4523 cavillatione
1068 4457 1248 4541 utendum,
1282 4467 1388 4546 quod
