3390 5122
542 439 586 484 DE
606 436 850 484 courosrrionn
872 433 1052 494 luanluvu,
1075 432 1094 475 1.

583 922 837 998 SECVNDA
869 921 1066 996 suerio.

462 1108 496 1147 Do
508 1107 576 1158 locta,
587 1107 681 1157 ordine,
694 1106 776 1156 chaos,
792 1104 980 1156 coordinatione,
992 1104 1158 1154 compositione
1170 1132 1175 1156 ,

566 1196 732 1246 complemento
743 1199 766 1235 at
778 1193 924 1234 distinctione
935 1193 1070 1244 specierum.

715 1442 869 1511 CAPVT
898 1444 925 1509 I.

204 1653 224 1716 5
337 1649 633 1727 Quemadmodum
652 1647 690 1713 in
713 1646 948 1733 superioribus
972 1652 1023 1712 est
1051 1653 1239 1732 ostensum,
1265 1647 1389 1734 imagi-

248 1798 309 1840 nes
332 1784 436 1860 atque
460 1774 599 1862 species,
627 1774 668 1839 de
693 1772 819 1859 quibus
842 1795 1003 1859 praesens
1032 1779 1083 1837 est
1107 1772 1256 1838 intentio
1286 1780 1390 1857 atquo

248 1901 450 1989 speculati0‚
465 1902 504 1968 in
519 1901 663 1967 materia
683 1899 824 1966 omnino
849 1898 1044 1964 consistunt
1062 1907 1096 1964 et
1116 1899 1390 1985 comperiuntur,

248 2050 352 2112 quam
376 2026 574 2093 informent.
597 2026 763 2111 Quodque
787 2025 936 2112 geminis
955 2047 998 2089 ex
1016 2023 1109 2089 hisce
1132 2023 1315 2111 principiis
1340 2032 1391 2089 eat

249 2153 451 2235 conflatum,
471 2175 581 2237 neque
601 2151 753 2238 intelligi
771 2174 883 2236 noque
907 2151 1094 2237 imaginari
1112 2158 1227 2238 potest
1251 2151 1326 2216 sine
1345 2151 1392 2216 lo-

184 2284 296 2348 1000.
324 2276 453 2342 Icciroo
477 2277 567 2342 sicut
597 2275 634 2340 in
665 2275 785 2341 ordine
820 2297 935 2340 rerum
959 2275 1279 2341 constituendarum
1306 2275 1390 2359 (sive

247 2402 460 2489 principium
479 2401 560 2467 illae
575 2400 727 2466 habeant
741 2400 813 2466 sive
832 2405 915 2485 non)
931 2401 1029 2487 prius
1045 2401 1200 2488 spacium
1217 2400 1390 2487 quoddam

1419 936 1490 999 30

249 2534 352 2612 atque
371 2527 627 2613 receptaculum
651 2549 723 2591 esse
742 2532 891 2613 oportet,
912 2526 994 2592 hinc
1013 2526 1051 2592 in
1076 2549 1142 2612 quo
1162 2527 1390 2614 recipiantur,
1427 2567 1430 2575 ·

248 2652 443 2739 capiantur,
474 2651 689 2738 subindeque
726 2651 866 2737 quidam
901 2652 1172 2737 uniuscuiusque
1205 2652 1389 2738 terminus,

247 2777 346 2844 limes
366 2785 472 2864 atque
495 2776 587 2860 finis,
612 2798 680 2862 quo
704 2776 772 2841 alia
792 2777 835 2842 ab
856 2776 933 2843 aliis
952 2784 1177 2843 secernantur
1200 2777 1390 2862 divisisque

182 2917 224 2979 15
248 2903 449 2990 regionibus
465 2904 672 2987 consistant,
690 2926 837 2991 moxque
853 2904 957 2969 etiam
973 2904 1162 2989 figurarum
1178 2903 1388 2992 differentia,

248 3053 315 3114 qua
339 3030 457 3096 vultus
480 3029 649 3095 varietate
679 3039 804 3096 natura
826 3030 1019 3117 triumphet
1043 3036 1147 3115 atque
1170 3029 1321 3116 gaudeat
1344 3029 1391 3094 ef-

247 3155 366 3220 ficiens
390 3155 505 3221 onmia
529 3156 629 3241 quasi
657 3179 677 3220 a
708 3164 824 3222 centro
848 3155 1013 3222 materiae
1040 3155 1170 3241 figuras
1197 3155 1388 3243 explicatae,

248 3290 322 3344 tum
342 3280 440 3364 quasi
461 3280 497 3345 in
517 3279 697 3366 superficie
716 3280 809 3345 illius
828 3280 977 3367 figurata
993 3281 1161 3362 colorans;
1179 3280 1217 3345 in
1232 3280 1297 3345 hac
1315 3280 1391 3345 uni·

208 3426 209 3430 ¹
247 3404 371 3470 versali
384 3404 661 3471 consideratione
675 3405 818 3473 definito
834 3413 994 3492 certoque
1009 3405 1250 3472 incedentibus
1270 3406 1390 3472 ordine

180 3542 224 3605 20
246 3529 342 3615 prius
366 3531 408 3595 de
431 3531 515 3596 locis
539 3532 731 3619 specierum
751 3532 1025 3598 commeminisse
1048 3532 1232 3620 oportebit.

705 3829 856 3896 OAPVT
884 3828 930 3894 Π.

693 3976 726 4015 Do
738 3976 794 4014 locu
806 3975 941 4025 specierum.

335 4182 631 4262 Quemadmodum
655 4184 975 4271 praedicamentum
1010 4185 1079 4252 ubi
1107 4185 1145 4252 in
1174 4187 1387 4275 subalterna,

245 4311 491 4399 specialissima
507 4317 541 4374 et
555 4309 736 4376 individua
752 4311 899 4377 aliorum
918 4311 1274 4400 praedicamentorum
1294 4338 1387 4381 more

337 4492 367 4540 18
383 4489 523 4539 colorans.
538 4488 571 4539 In
