3390 5122
768 418 907 466 rounam
929 415 1032 464 anur

773 693 818 758 Π.
842 641 1039 759 mmm

417 896 519 961 Hanc
546 902 662 962 autem
688 895 825 962 hastam
848 895 1071 962 discretivam
1094 893 1353 981 exagitantibus
1380 895 1469 960 illud

330 1027 383 1087 est
400 1021 528 1108 ubique
544 1022 748 1106 cavendum,
764 1045 808 1087 ne
827 1021 1014 1088 secundum
1033 1020 1203 1086 rationem
1221 1021 1399 1108 propriam
1419 1043 1473 1086 ae-

332 1147 525 1232 quivocatis
555 1147 776 1232 conveniens,
800 1148 864 1214 sub
895 1146 1069 1213 communi
1098 1146 1293 1211 tribuentes
1322 1146 1470 1229 ratione,

286 1271 307 1333 ὃ
330 1274 418 1341 illud
436 1282 564 1339 temere
582 1281 743 1362 putemus
767 1275 1007 1361 aequivocum,
1029 1272 1120 1359 quod
1140 1279 1193 1337 est
1211 1295 1331 1338 revera
1350 1273 1472 1339 univo-

332 1423 419 1466 cum.
448 1399 648 1466 Cavendum
681 1421 817 1486 quoque
843 1421 915 1465 non
943 1400 1071 1483 minua,
1099 1421 1142 1463 ne
1170 1421 1212 1463 ex
1240 1398 1309 1464 alia
1338 1398 1473 1465 ratione

333 1526 507 1592 communi
530 1525 681 1592 nominis
700 1525 934 1612 significatum
953 1547 1058 1612 supra
1076 1530 1112 1589 et
1130 1531 1227 1590 extra
1246 1546 1325 1590 suos
1344 1524 1474 1590 limites

332 1650 526 1734 metientes,
546 1651 597 1716 ibi
621 1650 941 1737 aequivocationem
963 1656 1156 1716 statuamus
1180 1672 1266 1734 esse,
1290 1649 1382 1714 unde
1405 1672 1474 1715 cre-

333 1777 412 1844 dere
431 1778 632 1845 deberemus
651 1778 769 1845 abesse
787 1778 935 1865 longius.

766 2017 830 2084 III.
855 2010 1042 2085 Menam:

420 2243 499 2308 Non
518 2243 690 2309 modicum
708 2266 790 2309 sane
810 2243 853 2308 ad
873 2243 1141 2309 construendum
1159 2250 1194 2309 et
1212 2241 1472 2328 destruendum,
1497 2249 1569 2314 33
1580 2250 1625 2311 P

332 2367 610 2454 adprobandum
633 2375 668 2434 et
691 2368 971 2456 improbandum,
990 2369 1032 2434 de
1055 2391 1136 2434 vero
1156 2375 1191 2433 et
1209 2375 1399 2457 apparente
1417 2392 1474 2455 ge

333 2516 426 2578 nere,
447 2492 591 2559 deveris
605 2494 922 2581 apparentibusque
935 2493 1125 2581 speciebus,
1144 2517 1307 2582 praesens
1318 2517 1475 2582 perscru-

332 2618 476 2685 tationis
495 2619 599 2685 series
617 2626 733 2706 potest
751 2620 884 2686 adferre
903 2619 1135 2686 emolumenti.
1153 2619 1315 2708 Sophiste
1335 2619 1474 2706 quidem

269 2744 309 2807 15
332 2743 482 2829 laborat,
510 2767 578 2831 quo
601 2751 724 2829 tentet,
745 2751 868 2833 urgeat
890 2753 925 2811 et
949 2744 1153 2831 confundat,
1173 2745 1233 2811 ubi
1257 2745 1296 2811 in
1319 2767 1402 2811 vero
1417 2767 1476 2832 ge-

331 2892 412 2936 nere
431 2871 573 2937 suadere
592 2871 729 2937 studeat
750 2870 1023 2958 homonymiam,
1047 2870 1269 2957 vicissimque
1287 2893 1350 2958 pro
1373 2892 1476 2957 gene-

331 2995 427 3061 ribus
443 2996 652 3083 homonyma
664 2997 856 3082 venditare,
876 2996 1075 3063 dialecticus
1088 3003 1203 3063 autem
1213 3002 1253 3061 ut
1268 2995 1474 3082 distinguat,

332 3123 504 3189 examinet
520 3132 624 3209 atque
639 3125 774 3212 probet;
795 3122 994 3190 dialecticus
1018 3123 1110 3189 enim
1134 3122 1165 3187 ei
1187 3123 1474 3210 proportionetur
1510 3200 1521 3225 ·

332 3248 392 3333 qui
411 3248 529 3314 eodem
547 3248 732 3336 pharmaco
755 3249 925 3315 medicare
943 3257 1057 3337 potest
1080 3255 1115 3314 et
1133 3270 1317 3332 venenare,
1337 3248 1475 3317 demon·

266 3377 311 3441 20
332 3383 460 3441 strator
482 3375 514 3439 ei
545 3375 604 3461 qui
628 3376 692 3442 hoc
721 3375 873 3442 medicus
896 3383 949 3441 est
972 3382 1122 3459 tantum,
1151 3373 1307 3462 sophista
1329 3397 1411 3442 vero
1441 3377 1473 3442 ei

333 3500 394 3586 qui
412 3524 482 3568 non
505 3500 573 3566 nisi
592 3502 764 3568 veneficus
783 3525 855 3568 esse
877 3502 985 3569 novit.

769 3741 828 3808 IV.
853 3742 1039 3809 Mannnvn.

422 3966 669 4032 Similitudinis
699 3987 781 4054 ergo
811 3974 915 4052 atque
945 3964 1162 4031 differentiae
1194 3964 1237 4031 ad
1266 3966 1368 4054 plura
1401 3988 1474 4033 sese

332 4092 524 4180 exporrigit
536 4093 679 4158 utilitas
692 4092 848 4157 Primum
860 4091 999 4177 quidem
1013 4091 1056 4156 ad
1068 4091 1303 4157 inductionem
1324 4093 1328 4182 Ι
1349 4093 1474 4159 facien·
1500 4095 1608 4161 '737
1622 4094 1664 4161 G

265 4223 309 4287 25
333 4218 424 4303 dam,
445 4242 533 4305 quae
552 4242 593 4284 ex
619 4217 742 4283 horum
770 4217 1073 4305 comprehensione
1097 4217 1284 4303 excitatur,
1312 4218 1476 4286 informa·

337 4481 342 4490 '
424 4475 456 4523 16
473 4470 740 4537 uicississimqueP
802 4471 891 4523 mlv
905 4471 1077 4525 GzVIIPA
