3390 5122
331 374 389 433 its
768 388 907 432 iocum
928 384 1031 433 uam

329 566 498 610 annorum
515 546 641 632 spaciis
656 567 774 611 omnes
793 546 918 610 aetatis
936 545 1131 632 compleant
1151 566 1281 632 partes.
1301 543 1469 630 qun-:alam

329 692 410 735 vcro
426 670 691 757 longioribussi
710 692 769 736 cut
780 690 816 736 et
832 694 934 737 canes
945 671 1048 735 citius
1064 690 1246 735 senescunt
1265 693 1368 755 quam
1380 671 1470 754 equi
1496 661 1559 723 14

328 796 408 882 eqni
427 818 531 882 quam
549 795 721 879 homines,
739 797 896 863 homiues
916 819 1018 881 quam
1038 797 1142 861 cerii.

460 922 521 988 VI.
544 922 599 988 Ex
620 923 781 1009 analogia
804 923 1042 1010 analogatum.
1060 923 1149 987 sicut
1171 944 1214 986 ex
1234 941 1331 986 motu
1355 944 1469 986 rerum

283 1049 306 1111 5
327 1046 529 1112 inferiorum
546 1064 715 1134 tanquam
732 1071 776 1113 ex
796 1048 979 1114 effectibus
997 1071 1112 1112 rerum
1131 1048 1347 1134 superiorum
1366 1066 1400 1111 et
1420 1047 1473 1111 iu-

327 1173 537 1253 visibilium,
554 1182 589 1239 et
608 1197 650 1239 ex
663 1194 761 1240 motu
779 1196 894 1239 rerum
911 1174 1128 1260 superiorum
1146 1193 1313 1258 tauquam
1333 1195 1375 1236 ex
1394 1195 1472 1236 eau-

327 1298 375 1365 cis
388 1322 502 1365 rerum
516 1298 721 1365 inferiorum
739 1320 872 1366 motum
888 1299 1124 1386 significatum
1136 1299 1339 1385 accipimus;
1355 1321 1375 1362 e
1389 1298 1469 1363 sub

327 1424 468 1492 stantiis
486 1425 628 1510 inquam
647 1424 869 1491 sensibilibus
885 1425 1137 1511 intelligibiles.

459 1549 539 1614 VII.
561 1550 614 1615 Ex
634 1551 803 1616 concretis
821 1550 1050 1625 abstractum,
1068 1549 1159 1614 sicut
1182 1571 1225 1613 ex
1248 1548 1345 1634 quali
1364 1546 1473 1634 quali·

263 1678 306 1743 10
327 1682 449 1759 tatem,
468 1688 507 1739 ut
523 1698 565 1740 er
584 1676 664 1741 albo
683 1675 894 1758 albedinem
913 1692 948 1740 et
968 1700 987 1741 e
1005 1694 1126 1741 contra
1142 1697 1184 1740 ex
1202 1675 1379 1740 abstracto
1397 1695 1475 1738 eou-

327 1818 472 1887 cretum‚
491 1803 581 1868 sicut
600 1825 643 1868 ex
661 1802 821 1868 albedine
844 1801 961 1868 album
982 1803 1205 1890 concipimus.

458 1931 556 1996 vni.
585 1933 640 1997 Ex
665 1932 813 1997 relativo
838 1933 1095 2011 couelntimm.
1124 1933 1213 1998 sicut
1251 1954 1294 1996 ex
1334 1932 1473 1996 domino

326 2055 460 2122 adiecto
476 2080 614 2122 serium
626 2080 698 2122 esse
712 2057 1048 2144 comprehendimus,
1062 2058 1118 2123 vel
1133 2081 1176 2123 ex
1188 2079 1288 2123 servo
1301 2057 1471 2122 existente

325 2181 513 2248 dominum.
533 2182 639 2249 Cuius
659 2183 837 2249 relationis
853 2206 913 2248 seu
929 2183 1198 2270 comparationis
1216 2182 1347 2247 virtute
1363 2203 1472 2268 parvo

260 2302 303 2366 15
324 2307 445 2395 lapillo
475 2308 654 2396 gigantem
690 2331 871 2396 possumus
900 2309 1106 2395 appingere.
1138 2308 1276 2394 quando
1299 2307 1401 2373 homo
1426 2307 1472 2372 ad

324 2434 427 2499 unius
446 2457 582 2500 muscae
600 2433 878 2521 magnitudinem
905 2434 1064 2521 pluribus
1088 2433 1289 2500 hominibus
1310 2433 1355 2499 ad
1379 2433 1467 2499 mul·

324 2569 438 2626 tarum
454 2560 677 2626 formicarum
695 2560 819 2626 molem
838 2560 1081 2626 assistentibus
1101 2559 1304 2625 associatur.

456 2688 522 2753 IX
532 2689 588 2754 Ab
604 2687 733 2754 eisdem
752 2687 932 2753 effectibus
952 2687 1008 2753 vel
1024 2687 1198 2752 similibus
1212 2685 1378 2752 similium
1391 2707 1469 2750 cau·

324 2838 440 2882 sarum
455 2815 511 2881 vel
529 2815 713 2882 earundem
738 2815 910 2881 rationem
928 2814 1106 2880 habemus.

258 2934 304 2999 20
457 2942 503 3007 X.
527 2941 583 3007 Ab
613 2941 911 3023 antecedentibus,
941 2940 1031 3005 sicut
1055 2963 1075 3004 a
1098 2939 1251 3005 nubibus
1274 2939 1319 3005 ab
1347 2946 1464 3004 austro

324 3069 613 3156 consurgentibus
636 3077 670 3134 et
699 3092 720 3134 a
749 3066 891 3156 gallinis
914 3067 952 3131 in
974 3067 1118 3153 pulvere
1141 3090 1177 3133 se
1203 3064 1468 3132 obvertentibus

324 3195 480 3282 pluviam
499 3195 745 3282 praesagimus.

457 3321 521 3385 XI.
546 3320 578 3385 A
602 3318 930 3401 concomitantibus
955 3318 1046 3382 sicut
1069 3338 1089 3381 a
1112 3316 1252 3382 flamma
1276 3317 1393 3402 ignem
1412 3337 1468 3381 ac·

324 3468 473 3512 censum.

256 3560 300 3624 ‘25
455 3571 538 3637 XII.
558 3570 910 3656 Aeonsequentib1m‚
930 3569 1020 3635 sieut
1035 3592 1056 3634 a
1072 3576 1163 3634 terra
1180 3567 1373 3634 madefacta
1392 3567 1466 3655 plu·

323 3697 425 3763 viam.

455 3823 557 3888 XIII.
576 3822 633 3888 Ab
654 3821 905 3904 adiacentibuei,
919 3821 1009 3885 sicut
1021 3842 1135 3903 acum,
1156 3818 1326 3884 calamum
1341 3825 1376 3883 et
1395 3840 1468 3883 mu-

322 3970 413 4013 scam
433 3948 470 4013 in
490 3955 619 4032 sutore,
639 3948 806 4034 scriptore
830 3953 865 4010 et
889 3946 1055 4011 cadavere
1072 3966 1209 4009 sensum
1233 3944 1356 4008 melius
1376 3966 1466 4008 eom-

322 4074 554 4159 moventibus,
574 4082 609 4140 et
628 4074 792 4160 sagittam
812 4072 849 4137 in
865 4072 1047 4157 sagittario
1066 4071 1252 4135 intuemur.

255 4192 300 4255 30
455 4200 552 4265 XIV.
572 4200 604 4263 A
624 4199 814 4286 composito
838 4196 995 4263 sensibili
1019 4196 1170 4262 divisum
1194 4217 1265 4260 uon
1288 4192 1464 4278 sensibile,

322 4323 411 4390 sicul,
430 4325 473 4389 ab
494 4325 636 4389 animali
660 4325 821 4389 animam.

453 4449 532 4513 XV.
549 4449 580 4513 A
590 4448 701 4515 diviso
714 4447 895 4536 perspicuo
908 4446 1136 4534 compositum
1149 4469 1220 4512 non
1233 4443 1463 4534 perspicuum,
