3390 5122
226 377 286 436 342
665 391 803 436 ror-naui
825 390 928 436 unvur

226 546 428 631 vivacitate,
452 570 512 614 seu
536 570 603 633 qua
630 546 827 613 humilitate
850 545 974 611 debeat
1002 568 1037 611 se
1064 545 1178 632 ipsum
1201 564 1377 609 exercere.

225 642 361 739 lleinde
379 670 663 739 considerandum
684 678 735 736 est
746 670 839 758 apud
857 692 942 758 quos
958 668 1077 736 concio
1093 668 1273 751 habeatur,
1296 667 1379 752 qui-

228 798 292 863 bus
314 799 518 885 persuadere
541 819 601 863 seu
624 795 821 863 dissuadere
840 794 1020 882 quidpiam
1044 801 1232 879 tentemus,
1252 815 1299 859 an
1325 815 1381 858 se-

226 945 299 1006 nes,
324 945 369 988 an
392 923 545 1006 iuvenes,
567 923 572 1010 Ι
593 945 639 988 an
662 921 794 1004 civileS,
819 943 864 986 an
887 920 1042 1004 barbari,
1066 919 1111 986 ad
1142 919 1289 986 honores
1315 918 1380 984 vel
1409 915 1493 977 34
1507 916 1553 979 F

182 1049 203 1113 5
226 1047 395 1114 utilitates
421 1048 613 1135 proniores,
637 1070 683 1113 an
712 1047 899 1133 sapientes,
924 1069 970 1112 an
999 1045 1136 1112 idiotae.
1165 1044 1244 1110 Alio
1273 1043 1377 1110 enim

226 1180 396 1260 apparatu
420 1195 522 1260 agere
545 1179 682 1260 oportet
700 1193 815 1239 coram
838 1177 973 1255 senatu,
992 1171 1060 1237 alic
1084 1191 1199 1237 coram
1221 1171 1375 1257 populo;

226 1296 317 1364 unde
340 1304 376 1363 et
398 1320 463 1364 usu
485 1298 597 1379 venit,
619 1304 659 1364 ut
682 1297 774 1384 apud
797 1295 867 1362 Cic.
891 1294 1156 1383 splendidiores,
1182 1295 1381 1382 elegantio-

227 1445 280 1488 res
299 1429 334 1488 et
351 1423 592 1510 perpolitiores
617 1423 688 1488 sint
711 1422 885 1489 orationes
908 1444 995 1509 quae
1019 1421 1063 1488 ad
1081 1421 1248 1510 populum
1277 1421 1380 1508 [his],

227 1570 332 1634 quam
350 1571 438 1634 quae
461 1549 505 1615 ad
528 1556 695 1614 senatum.

707 1863 807 1928 OAP.
841 1862 901 1929 IV.

449 2026 483 2065 Dc
496 2026 532 2064 hle
545 2036 603 2075 quaa
618 2025 720 2065 sublecta
734 2031 787 2065 suut
800 2026 848 2064 aive
863 2025 951 2065 oblecta
963 2025 1145 2065 consultationls.

317 2265 452 2331 Genera
466 2287 596 2349 eorum,
610 2265 746 2351 quaein
760 2265 1049 2333 consultationem
1064 2265 1223 2347 veniunt,
1237 2271 1321 2330 sunt
1339 2268 1375 2331 l.

227 2414 281 2457 res
303 2414 420 2457 sacrae
447 2414 508 2458 seu
530 2390 681 2473 divinae,
707 2393 738 2456 2.
760 2391 855 2479 leges
878 2414 938 2457 seu
961 2398 1108 2476 statuta,
1132 2392 1162 2456 3.
1181 2397 1285 2478 pacta
1308 2413 1375 2458 seu

227 2515 543 2584 confoederationes
566 2525 602 2583 et
624 2517 769 2583 uniones
792 2516 1115 2602 associationesque,
1136 2517 1166 2581 4.
1187 2514 1279 2582 bella
1299 2537 1374 2583 mo-

164 2636 204 2699 15
227 2642 340 2709 venda
362 2641 418 2708 vel
441 2664 510 2728 pax
533 2641 754 2708 conficienda.

316 2767 405 2832 Item
429 2789 515 2852 quae
538 2777 722 2835 versantur
746 2767 836 2833 circa
858 2767 1004 2850 lucrum,
1027 2773 1207 2852 quaestum
1230 2774 1265 2832 et
1288 2767 1370 2833 uni·

227 2891 407 2958 versaliter
433 2913 514 2978 opes
538 2892 789 2958 conservandas
812 2894 867 2959 vel
891 2893 1075 2978 augendas,
1100 2892 1243 2958 Caetera
1270 2914 1372 2976 ver0,

227 3040 314 3104 quae
335 3017 371 3082 in
396 3015 701 3097 consultatiolnem
729 3019 847 3082 venire
875 3023 1032 3104 possunt,
1058 3017 1220 3083 universa
1243 3016 1372 3084 iisdem
1400 3033 1484 3097 35
1496 3038 1543 3098 F

226 3166 366 3231 prorsus
383 3143 467 3209 locis
486 3150 650 3227 utuntur,
668 3165 755 3227 quae
770 3143 866 3208 facili
884 3144 1025 3230 negotio
1045 3142 1191 3229 quilibet
1210 3164 1281 3209 non
1299 3163 1376 3209 cm·

160 3267 204 3331 20
227 3269 310 3333 nino
333 3267 514 3354 imperitus
538 3268 800 3353 quibuscunque
823 3266 1009 3355 propositis
1028 3268 1158 3355 poterit
1181 3289 1375 3334 accommo-

227 3394 316 3458 dare.
342 3392 467 3458 Omnia
490 3392 582 3458 enim
606 3401 666 3459 aut
686 3399 768 3458 suut
786 3392 870 3458 haec
894 3399 929 3456 et
947 3414 986 3458 e0
1005 3392 1081 3480 ipso
1099 3392 1200 3459 modo
1219 3399 1377 3460 tractan-

228 3525 296 3602 tur,
312 3524 373 3583 aut
392 3517 519 3584 similia
537 3517 591 3583 his
610 3523 645 3583 et
663 3516 969 3605 proportionaliter
986 3541 1026 3584 ea
1042 3519 1375 3605 considerabuntur,

228 3650 289 3709 aut
307 3642 361 3708 his
379 3649 537 3729 cognata,
559 3650 620 3708 aut
637 3642 692 3708 his
716 3643 889 3709 contraria
910 3644 1138 3730 oppositoque
1157 3645 1258 3710 modo
1282 3651 1379 3712 trao-

228 3768 404 3835 tabuntur.

321 4041 555 4091 lhnmilitateF
616 4042 858 4092 TCicaronemG
922 4039 1208 4105 Blrisdespnutodo
1227 4039 1379 4104 G3ar'po·

229 4118 313 4169 trebte
328 4120 424 4179 iuvere,
439 4139 482 4170 πια
494 4139 566 4172 virano
581 4122 652 4180 latre,
668 4122 820 4171 cancellare
834 4138 917 4187 quam
932 4125 967 4188 (v.
983 4125 1010 4187 9)
