3390 5122
528 434 572 476 Du
596 430 836 477 commemores
857 430 1035 491 maomvir,
1057 431 1104 474 lll.

245 591 340 656 Haec
358 589 418 655 ubi
435 587 587 676 perfecte
606 595 688 654 sunt
706 587 860 674 disposta
879 596 983 673 atque
1001 594 1151 670 retenta,

245 716 325 781 Mox
344 738 461 781 omnes
481 720 621 780 cunctas
640 719 805 800 poterunt
823 712 1004 778 adcurrere
1022 712 1067 778 ad
1085 735 1175 792 oras,

244 841 405 907 Pluribus
424 847 528 925 atque
547 839 664 905 eadem
684 839 786 905 simul
805 860 874 904 uno
892 846 1047 926 tempore
1066 838 1183 904 adesse

231 967 347 1032 'Posse
364 965 449 1032 locis
468 965 616 1030 nihilum
635 964 808 1052 prohibet,
830 963 912 1050 quia
930 965 980 1030 sic
995 964 1189 1052 speculares

199 1093 220 1154 5
243 1091 327 1157 Esse
345 1090 463 1157 valent
481 1089 628 1171 formae,
647 1112 686 1155 ac
706 1089 853 1176 spectari
869 1112 889 1154 a
910 1088 1063 1155 millibus
1082 1112 1207 1173 unum,

244 1216 391 1303 Singula
406 1222 445 1281 ut
461 1214 634 1302 accipiant
652 1221 728 1280 tum
747 1213 884 1279 demum
903 1213 1021 1281 munia
1041 1223 1174 1281 cuncta.

243 1340 313 1409 Uni
333 1339 388 1407 aio
406 1340 585 1428 proprium
602 1339 698 1405 venit
716 1338 973 1426 appropriabile
992 1338 1139 1423 cunctis,

242 1466 340 1531 Tunc
360 1465 485 1531 ubisit
504 1464 632 1552 duplex
649 1486 769 1552 campo
788 1461 998 1530 fabrefactor
1016 1464 1054 1529 in
1074 1485 1144 1530 uno

242 1591 350 1656 Voces
369 1589 429 1657 dat
446 1597 606 1676 quatuor,
626 1597 696 1657 tres
716 1591 745 1656 si
764 1591 826 1657 uni
844 1589 989 1656 adsistat
1008 1591 1126 1677 agenti

178 1723 220 1786 10
241 1715 314 1781 Aut
333 1716 428 1781 velut
447 1716 584 1781 adiutor
602 1716 657 1781 vel
676 1723 854 1801 tamquam
873 1716 971 1782 testis
989 1715 1112 1782 inanis.

240 1842 348 1907 Porro
367 1863 449 1906 cave
467 1841 583 1928 plures
602 1863 645 1906 ne
664 1840 856 1907 consistant
874 1841 948 1906 sine
964 1862 1068 1924 nexu,

243 1965 417 2044 Quatenus
436 1967 579 2032 alterius
597 1973 715 2052 gestus
733 1967 896 2054 procedat
915 1966 958 2032 ab
977 1966 1094 2050 huius,

242 2091 363 2157 Mutuo
382 2114 485 2176 seque
501 2099 598 2158 actus
617 2064 785 2180 respectu
795 2093 1087 2178 consequitantur.

692 2438 844 2503 CAPVT
879 2439 925 2503 X.

640 2582 744 2634 sigillum
759 2592 852 2622 nonum.
868 2582 981 2632 Agricola

327 2835 527 2922 Agricolam
547 2835 749 2923 cuicumque
765 2836 844 2901 volo
863 2857 983 2922 campo
1002 2858 1207 2923 superesse,

239 2960 468 3048 Multiplicem
487 2960 615 3026 circum
632 2982 734 3047 quem
752 2960 885 3027 vallant
904 2981 1035 3048 organa
1053 2960 1096 3027 ad
1116 2984 1225 3029 usum.

237 3086 358 3153 Muuia
378 3086 521 3152 textoris
540 3094 622 3151 sunt
637 3086 752 3172 pluria
771 3095 805 3151 et
828 3108 959 3173 organa
974 3087 1089 3174 plura,

236 3210 354 3277 Pluris
372 3211 564 3296 fabrorum,
585 3211 711 3277 sutoris
729 3212 852 3298 pluria.
875 3210 988 3289 Quare

170 3339 215 3402 20
237 3336 323 3401 Casa
341 3336 453 3402 tribus
473 3346 664 3422 quatuorve
682 3337 748 3402 siet
767 3335 934 3401 distincta
953 3336 1122 3402 ministris

237 3462 400 3528 Eiusdem
417 3470 478 3529 aut
493 3461 582 3529 varii
601 3462 753 3549 generis,
773 3483 842 3547 quo
859 3463 1034 3548 quaelibet
1053 3485 1156 3528 unam

236 3587 376 3675 integre
395 3587 540 3654 formam
560 3587 695 3654 referat.
715 3589 832 3656 Unum
852 3595 956 3673 atque
974 3588 1096 3654 vicena

236 3712 375 3800 Organa
395 3713 590 3800 significent
607 3713 753 3780 totidem
773 3736 861 3798 quae
880 3736 1031 3779 consona
1049 3712 1135 3798 dixi,

238 3836 453 3925 Quintuplici
472 3839 615 3924 quinam
634 3838 786 3905 referant
803 3861 867 3924 pro
887 3847 1046 3924 sorteque
1064 3861 1197 3922 vocem,

169 3962 211 4024 25
235 3963 398 4029 Materies
417 3964 561 4030 totidem
578 3986 713 4048 quoque
731 3962 852 4028 formis
872 3962 1085 4028 subiiciatur.

236 4088 326 4154 Dein
344 4089 428 4175 quid
446 4098 528 4176 agat
547 4089 677 4172 videas,
697 4111 766 4174 quo
785 4112 903 4155 versus
923 4089 1086 4174 queisque
1102 4090 1229 4155 relatis.

236 4213 392 4299 Namque
410 4214 511 4280 huius
529 4214 667 4300 generis
686 4214 780 4301 capit
799 4214 915 4279 omnia
934 4213 1090 4300 spiritus,
1112 4222 1216 4299 atque

235 4338 387 4403 Adduoit
406 4338 574 4424 quidquid
593 4360 657 4426 pro
677 4338 920 4405 commoditate
939 4338 1106 4424 reposcis;

235 4461 360 4529 Omnia
379 4464 551 4529 convertit
569 4487 656 4549 quae
675 4463 876 4548 adcurrunt,
896 4463 1012 4529 omnia
1031 4465 1160 4550 promit

368 4582 442 4621 Bauru
460 4582 516 4629 opp.
531 4583 572 4620 lut.
587 4581 625 4630 11,
642 4582 661 4621 ³.
1187 4584 1214 4622 39

1328 418 1386 476 305
1466 489 1469 496 .
