3390 5122
582 421 626 466 on
647 420 803 466 11111111
825 422 1026 468 1111111111.
1334 408 1373 465 41

231 588 298 664 tur,
317 578 517 646 firmitatem
537 580 681 667 suscipit
700 588 735 645 et
753 580 901 646 ditescit.
923 580 1079 646 Secundo
1100 579 1143 645 ad
1162 579 1375 645 conditione

231 706 281 770 les
310 705 544 792 syllogismos,
565 728 650 791 quos
680 728 722 771 ex
751 705 936 794 hypothesi
966 705 1158 793 appellant,
1190 706 1251 771 ubi
1281 706 1373 770 enim

231 829 522 896 transmutatione
541 829 855 918 transpositioneve
871 830 1003 917 aliquid
1028 839 1080 898 131
1099 831 1321 918 comprobare
1341 839 1375 896 et

231 954 459 1022 determinare
479 955 693 1040 tentandum,
711 956 839 1022 ibidem
858 955 1047 1044 plurimum
1067 955 1306 1022 similitudinis
1327 964 1377 1022 at·

186 1083 207 1147 5
231 1104 297 1168 que
316 1081 532 1147 differentiae
555 1082 649 1148 valet
672 1082 852 1169 inspectio,
869 1082 987 1148 Tertio
1006 1080 1049 1148 ad
1068 1083 1237 1169 aptiorem
1256 1083 1376 1148 defini-

230 1207 365 1273 tionum
375 1207 661 1294 assignationem;
672 1207 753 1273 hino
768 1206 897 1273 etenim
905 1206 1140 1294 propinquum
1150 1229 1269 1293 genus,
1284 1207 1374 1292 quod

230 1331 268 1397 in
280 1331 481 1398 definitione
491 1332 647 1420 ponitur,
659 1331 790 1397 affabre
800 1331 1053 1397 manifestatur.
1066 1333 1196 1408 Quarto
1209 1332 1253 1396 ad
1263 1331 1375 1396 omnis

231 1457 442 1524 confusionis
452 1458 631 1524 involucra
649 1457 869 1540 deviltanda3
885 1456 1162 1543 quandoquidem
1174 1457 1242 1522 nisi
1258 1457 1375 1542 aliquo
1401 1460 1472 1524 34
1484 1459 1529 1522 P

230 1591 332 1672 pacto
351 1583 619 1649 similitudinum
639 1589 743 1669 atque
767 1582 1043 1648 differentiarum
1063 1582 1234 1649 rationem
1252 1582 1375 1648 habea-

168 1720 209 1783 10
231 1732 320 1794 mus,
341 1709 510 1796 quomodo
531 1711 560 1774 1.
582 1709 673 1796 quod
697 1708 884 1775 secundum
904 1731 1030 1774 nomen
1053 1709 1109 1774 vel
1133 1708 1273 1795 aliquod
1291 1708 1376 1774 acci·

231 1834 315 1901 dens
335 1842 387 1901 est
404 1833 599 1901 universale
624 1835 680 1900 vel
699 1856 892 1917 commune,
911 1834 954 1900 ab
979 1832 1046 1900 alio
1066 1834 1159 1919 quod
1175 1842 1226 1899 est
1244 1857 1306 1921 per
1324 1858 1374 1918 se,

231 1960 529 2047 essentialiterque
542 1960 583 2026 de
595 1959 746 2048 propriis
756 1958 919 2024 membris
932 1958 1086 2043 dicibile,
1101 1959 1374 2046 distinguemus?

231 2086 409 2164 Quomodo
441 2088 472 2152 2.
503 2109 718 2153 secernemus
745 2109 766 2151 1
796 2085 979 2150 remotiore
1009 2085 1206 2172 proximum
1238 2088 1375 2170 genus?

231 2211 409 2289 Quomodo
433 2214 463 2277 3.
488 2212 781 2296 univocationem,
802 2210 1013 2298 analogiam,
1038 2210 1297 2297 homonymiam
1320 2210 1376 2276 (11-

167 2343 208 2407 15
230 2339 409 2425 tegemus?
428 2338 605 2417 Quomodo
619 2338 649 2403 4.
671 2361 759 2424 quae
775 2337 893 2403 eadem
910 2337 1114 2422 diversaque
1133 2343 1311 2423 apparent,
1330 2360 1375 2402 an

231 2463 269 2528 in
294 2464 344 2529 rei
363 2464 510 2529 veritate
530 2463 601 2528 sint
620 2463 757 2530 diversa
781 2464 837 2528 vel
862 2463 981 2528 eadem
1001 2462 1267 2550 cognoscemus?
1287 2462 1376 2539 Quo

232 2591 332 2657 modo
349 2592 378 2656 5.
399 2590 654 2678 interrogantes
675 2614 753 2657 cum
774 2590 1064 2678 respondentibus
1084 2613 1168 2654 num
1188 2587 1375 2655 secundum

231 2715 322 2782 idem
340 2717 557 2804 propositum
581 2717 636 2782 vel
660 2716 701 2782 de
724 2717 859 2783 diverso
875 2722 1054 2801 tamquam
1071 2714 1188 2780 eodem
1208 2713 1375 2802 digladie-

231 2864 321 2926 mnr,
342 2865 508 2929 apparere
526 2841 671 2930 poterit,
692 2841 774 2907 dum
797 2841 939 2907 interim
958 2841 1022 2906 sub
1046 2840 1197 2905 nominis
1218 2840 1378 2926 aequivo-

164 2975 208 3040 20
232 2966 343 3033 cantis
366 2968 490 3033 umbra
515 2967 612 3033 aliud
629 2968 717 3032 alter
745 2965 919 3051 defendat,
940 2966 1035 3033 aliud
1063 2971 1241 3053 oppugnet
1265 2964 1375 3031 alter?

233 3091 409 3170 Quomodo
426 3094 455 3157 6.
476 3092 623 3160 virtutes
640 3098 744 3178 atque
763 3091 953 3178 passiones,
977 3114 1063 3178 quae
1083 3091 1121 3156 in
1144 3091 1217 3156 eius
1235 3089 1376 3156 diversi·

176 3216 188 3237 ⁰
231 3217 314 3284 tatis
333 3218 387 3283 111
404 3217 643 3284 similitudinis
660 3217 887 3285 fundamento
903 3217 1110 3302 consistunt,
1128 3216 1280 3305 aspicere
1298 3217 1376 3283 lice·

230 3343 310 3409 bit?
335 3343 511 3422 Quomodo
531 3345 560 3409 7.
582 3367 602 3409 1
621 3343 769 3430 technis,
790 3343 916 3430 quibus
933 3343 1107 3432 sophistae
1126 3349 1208 3409 sunt
1227 3342 1271 3409 ad
1289 3342 1375 3408 dcci·

231 3468 393 3557 piendum
415 3468 635 3555 efficaciores,
655 3470 965 3557 praecavebimus?

324 3731 341 3778 2
362 3731 497 3796 hypotesi
518 3730 545 3779 P
623 3729 639 3779 3
658 3729 922 3795 transpositionem
944 3727 1012 3778 PA:
1034 3728 1080 3778 vcl
1100 3728 1326 3794 transpositione
1348 3729 1372 3778 (1

230 3809 278 3862 (1.7
296 3810 319 3858 le
331 3809 432 3875 1119111
443 3813 513 3874 dopo
524 3824 617 3874 genus
631 3826 643 3858 c
655 3811 774 3877 ponitur
788 3826 851 3861 sono
863 3809 986 3874 appianus
998 3808 1036 3858 da
1050 3806 1074 3857 G
1154 3811 1183 3858 ll
1201 3814 1248 3859 ast
1260 3810 1374 3859 univer·

231 3891 291 3941 salo
305 3891 331 3940 P
394 3891 424 3940 13
440 3891 589 3955 proximus
601 3890 628 3939 Ι)
646 3957 648 3961 ι
695 3891 725 3941 14
741 3889 946 3954 hanonymiam
962 3890 1020 3955 (sic)
1033 3889 1059 3938 Ρ
