3390 5122
561 436 606 480 ua
627 435 870 480 coneosirrona
891 435 1072 497 innotavit,
1096 437 1115 478 1.
1352 419 1408 478 ro?

402 592 522 658 XXII.
542 593 586 658 In
604 594 693 658 atrio
712 593 839 658 Placiti
862 593 1057 659 adolescens
1081 592 1185 658 viridi
1201 592 1409 657 vestImento

268 718 311 784 ad
330 718 486 783 dextram
503 718 633 783 habens
652 718 840 804 virginem,
861 719 903 783 ad
920 719 1096 784 sinistram
1115 717 1270 805 puellum
1290 715 1408 781 nudos

401 843 541 908 XXIII.
562 844 604 908 In
635 844 725 910 atrio
752 844 963 909 Prudentiae
994 866 1096 909 senex
1127 843 1264 930 speculo
1295 864 1409 907 coram

268 968 402 1034 obiecto
421 992 461 1034 ca
480 992 567 1054 (puae
586 993 606 1034 a
625 978 723 1056 tergo
743 969 1004 1055 contemplatur.

224 1095 244 1158 ὃ
402 1093 536 1158 XXIV.
557 1095 598 1159 In
634 1095 723 1160 atrio
754 1095 890 1173 Quietis
927 1094 1021 1160 sedet
1050 1094 1163 1161 senior
1191 1095 1341 1160 eburneo
1371 1094 1408 1158 in
1432 1101 1502 1164 '73

267 1226 394 1304 strate,
412 1221 528 1287 cubito
546 1227 651 1308 caput
669 1229 875 1287 sustentans

401 1349 516 1413 XXV.
535 1350 577 1414 In
596 1349 686 1416 atrio
706 1349 848 1435 Rigoris
867 1349 922 1415 vir
945 1349 1074 1414 librum
1103 1347 1233 1413 habens
1252 1352 1409 1434 apertum

176 1560 185 1582 ἱ
270 1472 431 1557 sinistra,
451 1474 562 1540 facem
582 1475 740 1558 dextera,
758 1497 858 1561 quem
884 1475 1057 1541 antecedit
1070 1474 1169 1560 niger
1188 1473 1335 1539 securIm
1352 1494 1410 1557 ge-

268 1604 372 1662 stane.

204 1726 246 1789 10
400 1725 535 1791 XXVI.
560 1727 603 1791 In
635 1726 746 1792 atrie=
768 1726 899 1792 Salutis
928 1748 1014 1813 puer
1044 1748 1168 1813 aquam
1198 1729 1342 1812 portans
1376 1730 1410 1787 et

268 1849 385 1934 puella
409 1848 535 1934 ignem.

404 1974 557 2041 XXVII.
578 1977 620 2042 In
639 1978 729 2042 atrio
749 1976 922 2042 Scientiae
940 1975 1095 2063 pyramis
1115 1976 1151 2048 in
1168 1974 1345 2040 cacumine
1365 1973 1413 2037 fa-

269 2122 342 2164 cem
362 2099 540 2166 ardentem
559 2102 746 2186 eustinens,
763 2125 851 2189 quae
869 2126 931 2189 per
951 2103 1042 2167 vices
1062 2125 1154 2167 nunc
1177 2100 1284 2166 fiante
1308 2105 1412 2165 vento

269 2224 501 2309 succenditur,
521 2250 614 2293 nune
633 2227 860 2313 extinguitur.

205 2349 246 2411 15
403 2350 575 2416 XXVIII.
609 2353 652 2417 In
680 2353 769 2419 atrio
801 2351 936 2439 Speetri
970 2351 1093 2417 similis
1122 2349 1255 2416 homini
1288 2348 1412 2414 faciem

269 2473 399 2540 habens
418 2476 527 2541 leonis
551 2484 585 2542 et
609 2477 789 2560 cervicem,
810 2486 987 2560 cornutus,
1013 2476 1199 2543 tridentem
1218 2474 1349 2540 habeus
1374 2474 1410 2538 in

269 2622 386 2684 manu,
409 2601 531 2688 ignitis
548 2603 656 2668 oculis
676 2604 973 2691 circumspectans.

401 2727 541 2793 XXIX.
561 2729 604 2794 In
623 2731 712 2794 atrio
733 2729 848 2796 Studii
866 2730 1063 2795 adolescens
1080 2729 1218 2793 dextere
1234 2726 1347 2792 alatus
1366 2724 1410 2790 ad

269 2851 445 2938 superiora
465 2855 691 2940 contendens,
712 2855 853 2922 sinistra
872 2878 954 2922 vero
975 2855 1119 2941 alligato
1136 2875 1217 2919 saxo
1238 2852 1337 2938 quasi
1356 2850 1411 2916 de·

201 2977 245 3039 ‘20
268 2977 468 3063 primendus
484 2979 678 3066 impeditus.

401 3107 522 3171 XXX.
542 3108 585 3172 In
601 3107 690 3174 atrio
711 3109 860 3174 'l'imoris
876 3109 1026 3175 foemina
1047 3108 1194 3195 pallene,
1215 3105 1409 3185 macilenta,

152 3268 162 3298 ι
268 3231 445 3316 discurrit,
467 3233 612 3316 titubat,
639 3233 758 3299 tremit
784 3242 819 3299 et
846 3235 884 3299 in
903 3240 1119 3322 praesentem
1139 3254 1278 3298 caveam
1302 3254 1338 3296 so
1362 3251 1409 3293 re·

269 3359 394 3423 condit.

402 3484 541 3549 XXXI.
563 3487 604 3551 In
624 3488 712 3553 atne
743 3487 1022 3572 Tranquillitetis
1053 3486 1260 3570 halcyonum
1292 3483 1406 3565 nidus,

201 3608 244 3670 25
268 3610 359 3675 circa
377 3632 479 3695 quem
499 3613 628 3697 species
648 3613 752 3678 maris
768 3613 925 3700 inspicua
944 3619 1005 3677 est.

399 3737 558 3802 XXXII.
578 3739 620 3805 Iu
640 3740 728 3804 atrio
749 3740 850 3805 Vitae
873 3738 976 3803 arbor
999 3737 1109 3824 pomis
1134 3742 1259 3801 onusta
1277 3734 1408 3821 pampi-

268 3883 350 3927 num
370 3869 581 3946 susteutans‚
603 3871 636 3928 et
655 3887 740 3952 puer
759 3864 953 3930 ascendens.

1037 4012 1397 4022 .....-..—--——---—

362 4084 378 4130 2
394 4083 541 4133 dentrenm
