3390 5122
790 410 929 456 mansur
950 410 1051 455 BRVNI

439 568 557 634 Tertio
576 567 728 634 succedit
746 566 895 633 mundus
923 566 1117 651 rationalia,
1137 588 1260 652 nempe
1284 587 1397 631 rerum
1417 564 1491 630 uni·

351 695 497 762 versitas
534 695 573 760 in
600 693 806 779 intentione,
838 694 897 779 qui
932 692 1110 781 speciebus
1143 715 1163 757 a
1201 691 1354 779 physicis
1389 690 1491 755 rebus

351 818 534 888 abstractis
554 819 728 904 coalescit,
746 826 781 885 et
799 826 940 907 propter
958 819 1126 884 minorem
1145 817 1303 883 entitatis
1321 816 1491 881 rationem

350 946 428 1033 plus
448 945 491 1011 ab
511 945 616 1011 ideali
631 945 780 1010 veritate
799 944 907 1011 distat
925 967 1029 1030 quam
1047 943 1248 1030 vestigium,
1268 949 1303 1007 et
1322 940 1398 1006 ideo
1417 940 1491 1005 iure

306 1071 481 1159 septimo
509 1072 653 1137 umbrae
684 1071 825 1138 notione
849 1071 1059 1158 concipitur;
1088 1078 1122 1136 et
1155 1070 1227 1136 eius
1252 1066 1490 1135 universitatis

349 1204 466 1284 partes
484 1197 622 1262 nomine
642 1197 832 1285 specierum
851 1204 885 1262 11
904 1219 1069 1284 generum
1085 1195 1280 1283 logicaliter
1296 1192 1491 1280 significan·

351 1331 426 1389 tum
451 1321 750 1388 circumferuntur.
773 1322 896 1407 Itaque
920 1345 998 1389 cum
1021 1322 1182 1388 subtilius
1215 1317 1489 1408 philosophanti-

351 1449 416 1514 bus
451 1454 486 1515 et
521 1448 663 1536 proprie
696 1447 917 1534 loquentibus
954 1447 1040 1513 haec
1077 1447 1146 1513 tria
1180 1445 1358 1528 nolmina,
1382 1443 1490 1527 idea,
1516 1445 1549 1507 5

349 1573 536 1640 formast
560 1572 733 1660 species,
753 1573 864 1638 tribus
891 1572 1074 1639 admodum
1099 1571 1338 1639 differentibus
1361 1567 1491 1656 signifi-

287 1705 329 1768 10
352 1701 439 1767 catis
458 1699 690 1766 attribuimus.

712 1945 864 2012 CAPVT
901 1946 1122 2013 TERTIVM.

719 2090 841 2131 variorum
856 2092 996 2132 acuminum
1006 2093 1114 2132 rationes.

416 2354 418 2359 -
438 2308 519 2372 Mox
538 2307 575 2373 in
593 2307 658 2374 hoc
677 2308 780 2374 tertio
799 2330 924 2395 genere
941 2309 1208 2375 consistentibus
1224 2309 1386 2374 convenit
1404 2308 1490 2374 11111-

352 2435 425 2498 rius
438 2433 601 2498 distincte
614 2433 760 2499 aliomm
778 2434 958 2499 nominum
967 2435 1124 2501 notiones
1136 2457 1310 2522 usurpare,
1327 2440 1366 2499 111
1389 2439 1489 2500 nota

286 2563 328 2630 111
352 2557 488 2624 dicatur
507 2580 606 2624 omne
629 2559 717 2624 illud
742 2559 833 2644 quod
852 2544 1157 2645 quomodocunque
1176 2583 1218 2625 ex
1236 2560 1348 2648 prima
1366 2559 1422 2626 vel
1441 2581 1490 2624 se·

350 2684 474 2768 cunda,
494 2685 652 2772 proxima
669 2684 726 2751 vel
741 2692 885 2770 remota,
903 2685 1102 2752 immediata
1117 2686 1174 2752 vel
1192 2685 1342 2752 mediata
1355 2684 1489 2752 ratione

351 2810 483 2896 aliquid
502 2810 724 2878 demonstrat.

439 2935 653 3002 Character
672 2938 764 3022 quod
783 2945 875 3003 certo
895 2938 1064 3004 linearum
1078 2944 1193 3004 tractu
1208 2939 1264 3003 vel
1281 2943 1489 3026 punctorum

349 3063 537 3128 situations
558 3062 691 3147 aliquid
706 3063 895 3150 significat,
917 3046 1009 3130 110111
1025 3064 1203 3129 elementa.

282 3189 326 3252 20
439 3186 608 3273 Signum
637 3195 689 3254 111
717 3189 967 3274 quodammodo
985 3211 1095 3275 genus
1123 3189 1167 3254 ad
1194 3188 1309 3254 omnia
1329 3210 1415 3273 quae
1446 3187 1489 3251 si-

348 3311 529 3398 gnificant,
550 3313 622 3380 sive
638 3321 677 3380 ut
694 3314 772 3380 idea
791 3315 863 3381 sive
878 3323 919 3380 ut
935 3314 1123 3401 vestigium
1139 3314 1211 3381 sive
1222 3322 1263 3380 ut
1281 3314 1403 3380 umbra
1415 3314 1488 3380 sive

349 3437 458 3504 aliter.

438 3563 636 3650 Sigillum
667 3565 772 3650 (quod
802 3564 918 3669 signi
946 3566 1118 3651 quoddam
1151 3565 1398 3633 diminutivum
1424 3570 1488 3647 cst)

349 3687 441 3775 signi
456 3696 592 3776 partem
608 3690 851 3757 notabiliorem
864 3692 919 3757 vel
936 3690 1073 3777 signum
1089 3692 1296 3757 contractius
1310 3698 1488 3778 acceptum

283 3810 328 3874 25
352 3812 539 3898 significat,
559 3815 649 3882 sicut
668 3817 739 3882 solo
759 3816 871 3904 capite
886 3816 943 3882 vel
956 3817 1028 3883 sola
1044 3839 1148 3882 manu
1167 3816 1340 3882 hominem
1357 3817 1413 3882 vel
1431 3816 1490 3882 ho-

349 3935 452 4003 minis
471 3941 704 4027 operationem
723 3941 966 4028 significamus,

437 4066 661 4150 Indicium,
682 4067 771 4132 sicut
790 4075 825 4132 11
848 4068 1014 4154 signum
1038 4075 1072 4134 et
1099 4067 1296 4154 sigillum,
1317 4074 1369 4132 est
1392 4066 1488 4131 cuius

349 4214 474 4257 munus
493 4216 563 4258 non
583 4199 654 4259 tam
673 4201 725 4259 est
745 4201 1014 4284 repraesentare,
1032 4195 1240 4281 significare,
1258 4218 1360 4280 quam
1380 4201 1490 4261 osten·

442 4456 562 4511 8111101
624 4459 656 4509 ‘28
673 4459 690 4509 l.
706 4458 916 4512 deminutivum
979 4459 1011 4510 28
1026 4466 1224 4527 representare
