3390 5122
228 403 286 460 170
666 419 804 462 renuam
826 418 928 462 surm

226 572 344 638 eadem
368 574 514 656 ratione;
535 574 578 639 ad
601 573 707 640 occid.
731 573 998 638 buccinatorem.
1035 572 1149 637 Simili
1173 572 1274 637 modo
1294 594 1370 636 een-

227 702 321 763 trum
340 698 512 798 retinente
535 699 646 786 primo
670 705 705 764 et
729 699 873 785 angulos
893 721 953 764 suo
973 698 1116 784 reliquis
1144 696 1369 783 sequentibus

227 823 347 888 ordine
371 830 563 890 ceterorum
586 823 753 890 cubilium
768 833 884 912 partes
905 822 1147 889 informentur.
1169 822 1278 888 Nobis
1301 821 1370 889 suf-

226 946 321 1013 ficiat
339 950 535 1035 catalogum
564 957 797 1037 operatorum,
819 971 965 1035 quorum
984 970 1083 1014 senas
1099 948 1230 1034 singuli
1250 947 1287 1013 in
1307 970 1368 1013 sue

184 1072 204 1135 5
229 1079 302 1139 arte
319 1075 376 1140 vel
407 1074 518 1140 officio
540 1074 741 1162 concipiunt
760 1075 990 1162 operationes,
1011 1083 1046 1140 et
1065 1075 1094 1140 si
1113 1074 1210 1140 lubet
1230 1073 1286 1156 (ad
1302 1096 1370 1138 me—

230 1199 352 1264 liorem
376 1208 411 1267 et
433 1199 626 1267 uberiorem
652 1207 766 1284 usum)
796 1200 969 1287 operarios
986 1198 1101 1266 etiam.

226 1426 394 1506 Baptizans
450 1428 589 1490 Bellator
676 1431 851 1509 Bibliopola
901 1430 1032 1491 Boarius
1143 1430 1328 1490 Buocinator

228 1541 372 1622 Caupona
453 1544 553 1604 Cerdo
675 1546 845 1606 Ciroulator
901 1546 1036 1606 Gelonus
1144 1548 1255 1607 Custos

131 1640 134 1645 ’
227 1659 357 1719 Danista
451 1659 576 1720 neurus
677 1661 844 1737 Digladiat.
902 1662 1043 1723 Domitor
1142 1663 1212 1721 nux

162 1774 204 1836 10
227 1773 405 1836 Famulator
451 1776 595 1836 Festivus
676 1777 805 1854 Figulus
901 1778 1019 1838 Fossor
1142 1778 1204 1837 Fur

227 1890 372 1951 Gaudens
453 1893 618 1952 Geometra
678 1893 801 1971 Cyrene
902 1895 948 1952 Ge
1142 1893 1279 1954 Gulosus

225 2007 379 2090 Hauriens
452 2009 622 2069 Herbarius
676 2011 795 2069 Histrio
901 2011 1027 2086 Hospes
1140 2008 1326 2068 Humiliator

226 2125 382 2184 Iaculator
451 2125 596 2185 Ieiunans
676 2127 842 2187 Incantens
902 2128 1013 2186 Iocans
1141 2125 1303 2185 Iustitiaus

226 2240 382 2299 Laceraos
453 2241 567 2301 Lector
678 2242 784 2302 Lictor
903 2244 1036 2301 Locator
1144 2241 1334 2300 Luxuriosus

161 2358 202 2421 15
226 2356 383 2417 Maculans
450 2357 589 2417 Medicus
675 2359 766 2417 Miles
901 2359 1003 2417 Motor
1141 2357 1277 2416 Musicus
1389 2358 1463 2421 '75

225 2473 329 2534 Nauta
454 2473 590 2534 Nectens
679 2474 848 2535 Nidificane
906 2452 1033 2534 Nodans
1143 2472 1254 2533 Nutrix

225 2589 338 2650 Pastor
449 2590 631 2650 Percutieus
676 2592 781 2651 Pictor
902 2591 1083 2652 Ponderans
1141 2591 1301 2666 Puerperu

227 2705 373 2777 Quadrat.
450 2707 615 2779 Quaesitor
677 2706 845 2778 Quiescens
903 2707 1064 2780 Quodlibe.
1143 2706 1315 2778 Quumulat.

226 2824 346 2901 Raptor
451 2823 566 2883 Rector
676 2824 808 2899 Rigator
905 2825 1036 2883 Rotator
1143 2822 1290 2881 Rusticus

159 2936 202 2998 ΞΟ
225 2936 361 2997 Saltator
452 2937 596 3016 Sepultor
678 2940 836 3017 Sigillator
904 2943 1023 3000 Sonans
1146 2939 1333 3017 Superbiens

226 3053 370 3127 Tangens
450 3053 638 3130 Temperans
675 3055 802 3114 Tiuotor
904 3056 1023 3114 Tonsor
1144 3055 1297 3113 Turbatur

225 3168 367 3228 Vacuans
452 3168 589 3229 Venator
677 3170 829 3260 llitrurius
902 3171 1083 3250 Voluptuar.
1144 3171 1304 3230 Vulnerat.

320 3311 336 3342 ί
545 3313 560 3343 ί

998 3318 1012 3346 a

226 3405 417 3464 Blactearius
435 3406 517 3466 *Ble
534 3414 568 3466 ut
585 3405 642 3464 Ple
669 3432 683 3459 α
700 3406 749 3492 Bh
766 3417 800 3465 ut
817 3407 864 3465 Ph
883 3435 896 3460 ι
918 3405 976 3465 ΒΙο
993 3417 1027 3465 ut
1042 3406 1098 3464 Plo
1117 3433 1131 3461 a
1145 3406 1204 3465 Blu
1223 3413 1256 3464 ut
1273 3404 1333 3462 Plu

159 3521 202 3583 ⁸25
225 3545 240 3576 a
276 3522 340 3580 Bra
366 3534 400 3582 ut
432 3522 494 3581 Pru
527 3549 541 3577 α
573 3523 634 3584 Bre
659 3531 693 3582 ut
720 3524 780 3582 Pre
814 3549 829 3576 r
861 3523 923 3582 Bro
950 3532 984 3582 ut
1008 3524 1069 3582 Pro
1103 3548 1117 3578 e
1146 3523 1275 3581 Brutum

227 3638 371 3715 Cleviger
455 3639 593 3699 Clericus
679 3640 867 3700 Clitellarius
904 3639 1090 3697 Clostrnrius
1143 3637 1277 3697 Cludens

227 3755 359 3832 Crepulo
451 3755 597 3815 Cremans
676 3756 820 3815 Cribrans
904 3755 1063 3815 Crocitans
1141 3753 1286 3812 Cruciuns

227 3870 404 3946 l'lagellans
451 3873 597 3934 Flecteris
677 3874 804 3949 Fligens
903 3874 1033 3933 Florans
1140 3872 1308 3930 Fluctuans

226 3987 386 4063 Frangens
452 3989 590 4049 Frenans
676 3992 804 4051 Fricans
901 3989 1337 4068 Frondesspar.Fructuurius

161 4109 204 4170 30
228 4105 361 4165 Glarliat.
419 4130 433 4157 a
451 4107 509 4165 Cle
528 4116 561 4166 ut
579 4108 633 4167 Cle
652 4108 729 4167 «Gli
746 4117 780 4166 ut
798 4110 845 4168 Cli
862 4135 876 4163 a
899 4109 1023 4167 Glomer
1109 4132 1123 4159 s
1141 4108 1200 4165 Clu
1219 4116 1251 4166 ut
1267 4104 1323 4164 Clu

319 4335 334 4382 =l
356 4336 519 4396 catalogum
550 4341 742 4400 operatorum]
770 4352 867 4384 trustra
892 4337 1060 4401 apposuisse
1087 4354 1101 4384 o
1126 4335 1252 4399 qrrelcosu
1281 4334 1366 4386 simile

227 4419 256 4467 ll
275 4416 379 4478 Gonie
442 4417 668 4468 mulierarius
