3390 5122
573 400 618 448 nn
639 402 794 449 rnuraon
817 401 1016 450 vnrnronrl.
1322 383 1362 446 43

220 582 295 625 mae
315 559 559 644 contrariatur,
577 566 629 625 est
648 567 682 625 et
702 560 792 645 quod
811 559 921 625 forma
941 565 1046 643 earet,
1064 565 1099 625 et
1118 557 1209 644 quod
1232 558 1359 623 malam

219 684 324 750 habet
343 681 502 769 formam,
519 694 554 750 61
574 687 665 772 quod
684 691 736 752 est
759 687 835 774 ipsa
857 686 977 753 forma.
1002 683 1291 773 Decimoseptimo
1316 682 1358 748 ab

220 834 338 877 eorum
370 811 557 878 secuudum
580 812 848 899 praedicationis
875 813 1022 878 formam
1051 809 1274 877 distinctione
1297 807 1361 873 sub
1460 858 1472 879 .

219 937 338 1002 eodem
353 937 555 1023 universali,
575 938 759 1026 pulchrum
782 938 909 1005 dicitur
927 939 966 1004 in
984 937 1080 1024 quid,
1102 936 1130 1003 si
1146 936 1305 1023 capiatur
1323 938 1362 999 ut

175 1061 196 1124 5
220 1063 400 1150 qualitatis
431 1064 575 1151 speciae,
596 1064 634 1131 in
661 1064 762 1151 quale
781 1070 910 1148 eutem,
931 1065 960 1130 si
990 1069 1030 1129 ut
1059 1063 1132 1129 eius
1151 1059 1362 1142 differentia,

218 1196 259 1254 ut
281 1195 317 1255 et
340 1189 510 1256 rationale
526 1190 696 1257 adiective
715 1189 916 1279 significans
940 1189 978 1255 in
1006 1190 1106 1275 quale
1125 1185 1267 1272 dicitur,
1285 1184 1365 1251 sub·

220 1316 373 1382 stantive
396 1324 513 1383 autem
535 1316 573 1382 in
593 1316 685 1403 quid.
705 1316 972 1383 Decimooetavo
995 1315 1039 1381 ab
1059 1335 1098 1381 66
1117 1313 1209 1401 quod
1227 1312 1363 1378 diversa

221 1440 284 1506 sub
315 1439 461 1508 diversis
489 1441 674 1527 gonoribus
704 1448 785 1508 sunt
815 1439 1074 1530 praedicabilia,
1095 1445 1135 1507 ut
1165 1436 1366 1521 candidum,

222 1565 314 1650 quod
332 1565 389 1632 hic
414 1565 554 1652 quidem
573 1566 696 1633 coloris
720 1573 773 1633 est
795 1567 938 1655 speciae,
963 1565 1014 1632 ibi
1036 1565 1130 1632 vocis
1153 1563 1363 1645 differentia,

154 1699 198 1763 10
221 1690 306 1756 alibi
329 1691 422 1757 nivis
444 1692 614 1778 lactisque
637 1693 840 1783 proprietas.
861 1692 1097 1758 Decimonono
1121 1690 1165 1756 ab
1188 1688 1291 1756 huius
1309 1686 1365 1754 vel

219 1816 399 1903 utriusque
419 1821 519 1902 (quae
542 1817 731 1884 secundum
754 1817 844 1884 idem
868 1817 1032 1884 dicuntur
1054 1818 1193 1898 nomen)
1212 1814 1363 1880 dictione

219 1943 406 2010 seeundum
420 1945 531 2031 magis
544 1951 579 2011 et
590 1945 718 2033 minus,
736 1967 806 2011 non
825 1953 942 2011 tamen
954 1944 997 2011 ad
1014 1944 1159 2010 alterum
1170 1943 1226 2009 vel
1240 1945 1364 2009 alteru·

218 2074 312 2135 trum
331 2071 580 2159 comparative;
601 2095 678 2138 cum
702 2072 830 2160 quippe
854 2078 994 2138 acutum
1013 2070 1149 2137 dicatur
1171 2092 1238 2136 vox
1258 2078 1362 2156 atque

219 2195 389 2282 cultellus,
409 2219 481 2262 non
504 2205 621 2263 tamen
644 2197 701 2265 hic
719 2198 780 2264 illa
803 2221 867 2264 nee
889 2197 950 2264 illa
974 2196 1039 2263 hoe
1062 2195 1196 2262 dicetur
1219 2195 1362 2262 acutior.

153 2317 195 2382 15
218 2320 395 2408 Vigesime
415 2323 458 2388 ab
478 2346 596 2390 eorum
613 2323 824 2391 definitionis
840 2323 1055 2390 considerata
1073 2329 1210 2407 natura,
1231 2328 1271 2387 ut
1285 2344 1363 2387 curn

219 2447 356 2534 eclipsis
375 2449 417 2514 de
436 2449 519 2517 luna
538 2450 674 2516 dicatur
692 2458 796 2538 atque
812 2451 854 2516 de
872 2450 956 2535 sole,
973 2450 1129 2537 inspecto
1149 2448 1241 2535 quod
1258 2449 1362 2514 lunae

220 2574 356 2662 eclipsis
380 2581 431 2640 est
460 2575 497 2640 in
520 2575 736 2663 pyramidem
759 2582 872 2643 terrae
907 2576 1039 2660 eadere,
1065 2575 1146 2642 solis
1170 2582 1286 2642 autem
1311 2583 1364 2640 est

218 2697 310 2764 inter
333 2721 396 2766 nos
419 2707 455 2766 et
479 2700 579 2767 illum
601 2702 704 2767 lunae
726 2701 959 2790 interpositi0,
983 2702 1050 2768 erit
1074 2701 1265 2788 deliquium
1288 2700 1361 2766 sive

218 2824 356 2912 eclipsis
376 2825 515 2892 nomine
535 2826 683 2913 quidem,
703 2849 774 2893 non
804 2835 918 2894 autem
942 2829 1077 2894 ratione
1096 2826 1361 2893 6611166116.Ῡί-

152 2955 196 3019 20
218 2950 462 3039 gesimoprime
491 2952 534 3017 ab
559 2975 677 3019 eorum
696 2953 883 3019 secundum
905 2954 1002 3041 prius
1026 2961 1060 3019 et
1082 2953 1255 3041 posterius
1284 2975 1363 3018 ana-

218 3076 298 3162 loga
313 3076 594 3165 participatione,
608 3079 669 3145 ubi
691 3082 695 3164 Ι
716 3102 838 3146 sanum
850 3079 1000 3145 eiusdem
1013 3079 1158 3145 rationis
1173 3078 1361 3145 secundum
1387 3078 1494 3144 ’736
1510 3077 1552 3145 G

166 3198 176 3219 '
220 3200 375 3266 ordinem
387 3201 559 3287 quendam
570 3203 838 3292 participatione
851 3204 979 3270 dieitur
993 3203 1106 3292 primo
1119 3204 1160 3269 de
1181 3208 1185 3290 Ι
1207 3202 1357 3286 animali,
1385 3202 1467 3269 32¹
1480 3207 1526 3268 Ρ

219 3327 368 3393 secundo
395 3327 436 3393 de
456 3327 623 3414 membre,
644 3328 748 3394 tertio
772 3328 813 3394 de
843 3329 1026 3413 medicina,
1047 3335 1169 3415 quarto
1199 3327 1240 3393 de
1271 3328 1360 3412 cib0,

220 3452 342 3538 quinto
361 3452 402 3518 de
426 3453 540 3540 signe,
561 3462 657 3520 sexto
677 3454 719 3520 de
737 3455 828 3521 bono
848 3454 994 3539 medico;
1012 3477 1134 3520 sanum
1152 3475 1288 3540 quoque
1307 3475 1360 3519 ae

152 3579 196 3643 25
220 3578 365 3665 quivoee
384 3579 512 3645 dieitur
531 3580 572 3646 de
588 3579 746 3646 doctrina
765 3587 799 3646 et
816 3581 976 3647 omnibus
994 3580 1057 3647 his.
1074 3578 1175 3647 Unde
1194 3579 1285 3644 idem
1303 3600 1360 3644 no·

219 3727 299 3769 men
318 3704 506 3771 secundum
530 3705 683 3772 diversos
706 3713 881 3794 respectus
900 3706 1126 3792 aequivocum
1151 3727 1223 3770 esse
1246 3710 1361 3792 potest

219 3836 254 3895 61
273 3832 467 3918 analogum.
486 3832 559 3899 Nec
577 3833 692 3898 minus
715 3832 889 3899 interdurn
909 3831 1000 3897 idem
1019 3837 1133 3920 potest
1152 3855 1224 3898 esse
1242 3831 1362 3897 univo-

219 3979 297 4022 cum
316 3963 352 4022 et
370 3956 610 4043 aequivocum,
627 3966 668 4025 ut
685 3958 787 4026 horno
805 3957 888 4025 hinc
907 3957 951 4023 ad
967 3981 1029 4023 sua
1044 3956 1268 4045 particularia
1287 3955 1361 4021 uni·

219 4104 343 4148 vocum
361 4091 414 4149 est
431 4083 678 4171 praedicabile,
699 4083 748 4149 ibi
767 4106 861 4168 vere,
882 4082 1082 4171 significans
1106 4082 1207 4149 modo
1226 4082 1360 4165 vivum,

154 4202 198 4269 30
220 4207 320 4275 modo
343 4216 533 4296 mortuum,
554 4210 655 4277 modo
679 4210 868 4296 lapideum,
888 4208 1114 4295 aequivocum
1133 4230 1259 4272 nomen
1277 4214 1338 4271 est.

316 4478 411 4528 16617
428 4478 553 4546 eclypsis
567 4479 604 4530 I’:
619 4481 656 4530 16.
667 4481 697 4532 17
709 4496 722 4529 e
735 4481 765 4529 19
777 4480 902 4546 eclypsis
916 4481 940 4529 A
