3390 5122
429 427 518 472 ioan.
539 427 640 473 imvm
662 428 707 473 ua
727 429 821 473 cona.
843 407 935 473 misc.
958 429 1062 476 mons
1085 429 1236 475 cnsmvu.
1332 418 1391 475 319

588 968 764 1044 INDEX
807 968 1054 1042 uAPITVM

292 1186 427 1238 EORVM
445 1186 548 1248 QVAE}
570 1187 610 1238 IN
629 1186 767 1238 TRIBVS
789 1186 902 1237 Hisce
918 1185 1046 1236 LIBRIS
1064 1185 1344 1238 OON'HNIJNTVR.

796 1362 851 1369 ,ου

673 1754 804 1814 LIBRO
826 1754 974 1814 PRIMO.

779 1924 866 1959 GAI’V'I'

207 2149 227 2211 5
332 2150 357 2208 Ι.
379 2149 524 2226 Beluae,
543 2148 678 2208 radicet
702 2148 837 2226 speculo.

312 2267 354 2327 II.
376 2267 424 2326 De
441 2267 479 2324 iis
493 2285 571 2341 quae
588 2265 626 2324 ad
644 2266 802 2344 speculum
820 2274 852 2325 et
872 2266 903 2324 in
921 2267 1056 2344 speculo.

296 2383 356 2443 III.
378 2383 537 2441 Veriorum
556 2381 742 2441 notaminum
759 2382 903 2442 rationes.

295 2501 350 2559 IV.
373 2499 470 2559 Omne
484 2507 626 2558 notamen
645 2498 683 2557 ad
701 2499 811 2559 atrium
825 2519 934 2560 sensus
950 2508 981 2560 et
998 2499 1035 2559 sd
1053 2500 1186 2560 tribunal
1204 2500 1289 2560 visus
1307 2520 1391 2560 revo-

452 2616 590 2678 candum.

187 2735 229 2797 10
314 2736 352 2797 V.
372 2736 420 2796 De
434 2735 598 2813 imaginum
615 2741 768 2796 momento
785 2734 928 2813 physico,
943 2734 1174 2812 mathematico,
1190 2733 1290 2810 logico
1308 2732 1393 2792 iuxta

450 2851 609 2911 universas
630 2849 789 2911 modorum
804 2850 932 2912 istorum
947 2850 1151 2929 acceptiones.

296 2968 351 3026 VI.
373 2967 421 3028 De
438 2966 634 3027 distinctione
652 2967 818 3042 imaginum
836 2975 868 3027 et
884 2967 1049 3045 signorum.

280 3084 352 3144 VII.
375 3085 423 3144 De
440 3084 624 3161 imaginibus
640 3104 750 3144 rerum.

260 3199 349 3259 VIII.
373 3200 420 3260 De
438 3199 537 3261 modis
553 3200 662 3276 quibus
680 3202 784 3261 variae
802 3201 880 3260 fiunt
896 3199 1095 3277 figurationes
1112 3208 1143 3261 et
1160 3197 1372 3261 indicationes

184 3316 225 3379 ib
296 3316 355 3376 IX.
375 3317 466 3377 Aliae
486 3316 635 3392 quaedam
657 3315 816 3393 effigiandi
838 3325 869 3377 et
885 3317 1034 3394 imagines
1058 3317 1229 3377 deducendi
1256 3317 1391 3377 rationes

449 3433 642 3493 continentur
669 3432 700 3491 in
727 3433 765 3492 iis
790 3452 868 3507 quae
896 3432 1031 3492 exaratio
1058 3432 1214 3493 chaldaea
1241 3433 1334 3493 habet
1361 3435 1390 3492 iu

449 3549 667 3626 Mnemosynes
684 3557 809 3609 nostrae
825 3547 949 3626 templo.

312 3665 352 3723 X.
375 3665 423 3724 De
440 3665 624 3741 imaginibus
646 3665 809 3725 verborum
826 3683 880 3723 seu
897 3682 1006 3724 vocum
1024 3673 1055 3725 et
1076 3664 1250 3726 dictionum.

299 3781 357 3841 XI.
382 3780 595 3858 Oonditiones,
613 3781 723 3857 quibus
741 3781 892 3857 imagines
917 3780 1055 3841 subiecto
1079 3780 1260 3858 abiectoque
1281 3780 1390 3842 melius

182 3892 225 3954 20
446 3897 627 3975 adhaerent,
645 3897 809 3975 intemplo
827 3898 872 3957 sic
886 3899 1092 3977 expressimus
1110 3897 1335 3975 Mnemosyuea

275 4014 349 4073 XII.
376 4015 424 4075 De
441 4015 507 4074 lnce
525 4014 690 4090 imaginum
708 4014 857 4074 vehiculo.

259 4130 352 4190 XIII.
374 4131 421 4191 De
438 4131 576 4191 subiecto
594 4130 767 4207 imaginum.

265 4246 352 4307 XIV.
375 4248 422 4308 De
440 4247 586 4308 effectore
603 4247 778 4322 imaginum.

342 4491 372 4541 15
390 4489 549 4542 deducendi
