3390 5122
523 444 568 486 on
587 443 829 488 coneosmromc
852 445 1030 507 innomvu,
1053 447 1100 491 ιιι.
1324 433 1382 492 317

635 784 764 836 Presbyter.
780 784 877 824 XXVIII
891 784 998 834 sigillum.

335 1053 351 1099 a
378 1040 526 1105 Ditescit
547 1041 728 1127 presbyter
750 1041 788 1106 in
807 1060 928 1128 campo
952 1040 1165 1128 generantis,
1188 1040 1387 1128 parturien-

245 1165 304 1247 tis,
320 1165 489 1247 exeuntis,
504 1164 664 1248 levantis,
678 1165 879 1252 iudicantis,
893 1166 998 1252 regis,
1014 1166 1243 1251 numerantis,
1257 1166 1389 1252 patien-

244 1289 304 1373 tis,
340 1289 552 1372 citharistae,
588 1290 769 1378 sapientis,
805 1291 993 1378 cupidinis,
1026 1290 1227 1378 prophetae,
1257 1290 1387 1371 divini,

201 1414 414 1501 btragoedi,
438 1414 550 1502 pueri,
575 1415 688 1499 bovis,
725 1416 873 1502 aquilae,
904 1416 1030 1497 leonia,
1059 1416 1224 1500 Romani,
1256 1416 1388 1500 Iudaei,

246 1538 395 1625 agentis,
420 1547 455 1605 et
482 1540 638 1605 aliorum.
676 1540 829 1618 Quorum
857 1541 988 1627 singuli
1015 1564 1077 1629 per
1100 1541 1231 1608 cubilia
1250 1551 1388 1606 centum

245 1670 469 1750 peragrantes
493 1664 583 1730 nihil
599 1671 650 1730 est
667 1665 760 1751 quod
781 1666 914 1732 Calena
937 1673 972 1731 et
991 1665 1118 1731 Theoti
1135 1667 1254 1732 Abaco
1271 1666 1390 1732 suffra-

245 1797 350 1875 gante
374 1798 549 1874 nequeant
574 1790 726 1878 implere.

698 2102 835 2155 Polyhlstor.
852 2096 934 2144 xxlx.

180 2346 222 2409 10
334 2354 350 2401 r
373 2340 583 2428 Polyhistor,
607 2341 713 2408 idest
742 2342 988 2429 grammaticus
1012 2342 1041 2408 si
1064 2301 1174 2429 possit
1198 2341 1307 2407 latine
1336 2343 1385 2409 di-

246 2488 321 2532 cere
353 2467 541 2551 commode,
571 2466 626 2533 vel
652 2489 715 2554 pro
745 2467 934 2534 maioribus
961 2466 1218 2552 rarioribusque
1253 2466 1386 2534 deliiois

245 2613 380 2678 graece,
405 2592 447 2656 de
471 2591 632 2658 omnibus
660 2592 697 2657 in
721 2591 952 2658 controversia
976 2598 1011 2656 et
1038 2591 1275 2678 disputatione
1298 2593 1388 2679 posi-

245 2715 291 2780 tis
314 2715 502 2781 deliberare
524 2722 651 2802 potest,
677 2738 754 2782 cum
778 2716 824 2782 sit
852 2717 982 2782 doetus.
1007 2716 1154 2782 Docebit
1183 2724 1298 2783 autem
1317 2738 1388 2782 non

245 2839 396 2906 fallendo
415 2863 542 2927 genera
557 2841 736 2907 nominum
760 2841 816 2907 vel
834 2840 979 2907 duarum
998 2840 1160 2906 horarum
1179 2841 1294 2927 spacio
1314 2864 1389 2928 per-

181 2971 221 3034 15
244 2964 333 3032 fecte
352 2966 389 3031 in
412 2965 524 3032 tribus
549 2966 730 3052 elassibuS,
751 2965 843 3048 solis,
865 2966 968 3032 lunae
991 2973 1025 3030 et
1049 2966 1151 3048 caeli;
1175 2986 1299 3054 nempe
1320 2990 1389 3032 ma-

244 3091 305 3175 ria,
331 3090 500 3158 foeminae
529 3098 563 3156 et
592 3092 765 3174 neutrius,
795 3091 968 3158 communi
1005 3090 1233 3176 universoque
1260 3113 1387 3177 genere

244 3218 282 3282 in
310 3215 443 3282 foribus
466 3217 556 3282 etin
581 3217 669 3283 atrio
689 3224 769 3283 ante
792 3214 882 3282 fores
905 3216 1045 3282 relictis
1065 3216 1108 3281 Iu
1128 3215 1290 3282 classium
1310 3238 1389 3303 par·

244 3341 338 3408 tibus
354 3343 613 3428 peregrinantes
633 3365 772 3409 suarum
791 3341 984 3429 imaginum
1002 3340 1183 3407 invenient
1198 3340 1249 3425 (in
1269 3363 1388 3408 eorum

244 3489 332 3552 quae
355 3467 597 3553 significantur
619 3468 720 3534 vultu
740 3467 1013 3554 conspicuarum)
1034 3465 1303 3532 multitudinem.
1319 3467 1388 3531 Pro

177 3604 221 3667 20
244 3592 427 3659 verborum
463 3594 706 3680 coniugatione
737 3599 886 3678 quatuor
924 3591 1029 3657 habet
1063 3591 1319 3679 complexorum
1352 3597 1387 3656 et

244 3717 389 3784 totidem
413 3718 653 3806 exceptionum
673 3718 775 3802 atria,
796 3740 883 3803 quae
901 3716 1051 3804 propriis
1076 3716 1297 3782 vivificantur
1316 3715 1386 3781 ani·

244 3845 378 3928 mabuS,
395 3851 430 3910 et
446 3867 534 3930 quae
552 3844 697 3910 totidem
714 3843 905 3909 Catenante
924 3843 978 3908 vel
998 3842 1132 3909 Theuto
1148 3842 1235 3909 (luce
1251 3865 1386 3930 percur-

246 3976 328 4035 runt
351 3969 506 4035 animati.
530 3969 661 4035 Eadem
677 3968 755 4034 aliis
779 3967 849 4033 suis
870 3967 1134 4034 necessitatibus
1159 3975 1232 4034 arte
1252 3991 1387 4034 succur-

244 4101 309 4177 ret,
327 4076 366 4159 ut
385 4095 502 4160 triduo
525 4094 628 4160 facile
647 4094 809 4181 perficere
824 4093 949 4181 possit,
969 4094 1062 4179 quod
1085 4093 1123 4158 in
1142 4114 1233 4159 anno
1257 4092 1388 4176 alioqui

178 4227 221 4290 25
245 4220 392 4303 (enixius
412 4221 516 4285 etiam
536 4219 738 4303 laborando)
761 4221 964 4306 promittere
987 4241 1058 4285 non
1082 4218 1230 4285 auderet.

337 4416 412 4464 le2
437 4414 602 4465 Praesbiter
664 4415 889 4478 lOytlmristae
911 4432 923 4464 e
946 4416 1124 4479 Propheltae
1192 4412 1387 4475 5'l'hragoedi

245 4495 260 4544 t
278 4495 406 4546 Cathena
469 4498 485 4545 9
499 4497 556 4548 elO
572 4496 744 4560 Polihystor
807 4496 839 4545 22
855 4495 1036 4546 Cathenante
