3390 5122
340 408 379 466 82
781 419 919 464 rounam
940 419 1042 463 navm

342 580 537 646 tlrematicis
560 578 874 666 metapliysieisque
903 575 1142 642 communibus
1167 572 1373 654 rationibus,
1395 592 1483 655 <quae

342 708 379 773 in
399 708 528 794 species
552 707 762 791 aequalitate
781 710 816 768 et
840 702 1024 768 identitate
1044 699 1191 785 (predam
1210 698 1319 763 effusa
1336 718 1484 761 commu-

342 833 515 914 nicantur3
537 831 629 916 quod
648 832 698 896 ita
717 837 833 894 tamen
853 834 917 912 est,
938 834 978 893 ut
1001 825 1118 891 omnia
1137 824 1175 889 in
1192 821 1398 888 habitudine
1413 843 1484 884 mu-

341 965 402 1022 tua
418 957 660 1044 reciprocaque
678 954 722 1020 ad
739 953 933 1019 universale
948 974 1056 1016 unum
1074 950 1145 1016 sint
1165 947 1306 1034 aequale
1325 955 1360 1011 et
1378 946 1481 1027 idenr;
1570 1024 1573 1030 Ι

298 1083 318 1146 ὗ
342 1091 379 1148 at
397 1105 468 1148 non
488 1082 563 1147 ideo
590 1083 688 1146 iuxta
718 1069 876 1167 proprias
895 1079 1046 1143 rationes
1065 1075 1132 1140 duo
1156 1095 1298 1139 numero
1318 1071 1483 1137 distincta

341 1213 505 1294 poterunt
521 1206 656 1294 uspiam
675 1229 747 1271 esse
775 1204 865 1269 idem
889 1203 1043 1288 aequale,
1063 1201 1175 1286 magis
1195 1220 1297 1284 quam
1317 1198 1384 1263 duo
1407 1219 1484 1283 pos-

341 1339 423 1400 sunt
442 1356 515 1398 esse
534 1331 738 1418 simpliciter
757 1353 879 1412 unum,
900 1351 987 1414 quae
1006 1335 1089 1392 tunc
1107 1332 1272 1413 poterunt
1291 1330 1409 1389 exacte
1428 1346 1482 1388 ac·

342 1457 457 1545 qualia
487 1457 570 1541 dici,
591 1456 727 1542 quando
758 1460 860 1520 erunt
889 1476 1004 1519 unum.
1035 1452 1084 1517 At
1114 1472 1195 1515 vero
1227 1449 1363 1535 quando
1381 1454 1484 1513 erunt

340 1605 461 1665 unum,
482 1587 672 1647 nonerunt
697 1581 868 1666 aequalia,
890 1579 971 1664 quia
995 1578 1085 1643 idem
1105 1575 1172 1641 sibi
1196 1598 1267 1640 non
1285 1575 1413 1639 dicitur
1432 1596 1484 1638 ae·

275 1717 318 1780 lo
340 1708 450 1794 quale.
468 1706 581 1784 Quare
596 1706 657 1772 ubi
676 1706 855 1771 distinctio
872 1711 906 1769 et
921 1726 1084 1771 numerus
1104 1709 1171 1787 est,
1191 1724 1301 1784 neque
1318 1699 1482 1764 identitas

341 1856 412 1900 esse
429 1839 543 1920 potest
561 1855 624 1897 nec
642 1831 843 1917 aequalitas.

749 2105 896 2170 OAMPI
929 2105 1072 2172 BIVIA.

430 2329 647 2394 Facultatern
659 2328 830 2415 dignioris
846 2327 1065 2413 meliorisque
1081 2327 1311 2414 cognoscendi
1329 2328 1484 2393 iudican-

340 2455 444 2540 dique
461 2453 568 2519 oculis
584 2453 758 2520 ratiocinii
773 2453 929 2540 exposita
946 2453 1059 2541 campi
1075 2453 1170 2519 bivia
1186 2453 1378 2538 requirunt.
1393 2456 1483 2530 Quo-

276 2584 317 2649 15
341 2580 433 2646 circa
467 2579 559 2644 haud
593 2579 712 2666 inepte
746 2578 891 2662 factum,
922 2579 982 2644 ubi
1018 2578 1180 2666 ancipitis
1213 2579 1480 2665 comparationis

340 2704 554 2772 definiendae
565 2710 669 2770 notae
686 2703 937 2770 describuntur.
953 2704 1022 2768 Hie
1033 2704 1144 2792 primo
1156 2705 1363 2790 generaliter
1376 2704 1481 2792 inspi-

341 2831 501 2897 ciendum
516 2830 708 2896 consulitur
725 2830 769 2895 ad
786 2830 900 2915 ipsum
912 2830 1115 2918 multiplicis
1132 2831 1342 2916 quaestionis
1357 2854 1480 2915 genua,

340 2962 425 3044 puta
438 2955 533 3041 quid,
547 2955 657 3039 quale,
672 2962 940 3041 quantumque,
954 2955 1054 3040 unde,
1066 2956 1110 3021 ad
1123 2955 1215 3040 quid,
1237 2957 1241 3044 l
1263 2963 1480 3042 caeterasque
1508 2951 1614 3016 '769
1633 2948 1674 3014 G

342 3083 466 3168 quibus
486 3080 655 3146 sciscitari
676 3080 916 3146 consuevimus
936 3088 1036 3148 notas
1056 3089 1107 3147 est
1126 3081 1479 3148 animadvertendum.

274 3210 318 3273 20
342 3206 498 3272 Secundo
522 3206 567 3272 ad
590 3206 826 3271 absolutorum
853 3206 1129 3293 praedicatorum
1151 3229 1270 3293 genus.
1296 3207 1412 3274 Tertio
1436 3207 1481 3272 ad

340 3355 449 3419 genus
468 3332 747 3419 respectivorum.
768 3331 773 3421 Ι
796 3332 926 3410 Quarto
942 3332 985 3398 ad
1004 3333 1115 3399 omnis
1138 3332 1319 3398 divisionis
1337 3333 1479 3398 distinc-
1506 3336 1576 3398 77
1588 3336 1634 3397 Ρ

341 3456 514 3542 tionisque
528 3458 695 3541 membra,
712 3479 859 3542 quorum
876 3458 1023 3523 alterum
1040 3464 1130 3523 certe
1142 3458 1273 3523 melius.
1292 3458 1420 3536 Quinto
1438 3458 1481 3523 ad

342 3606 460 3649 omnes
485 3583 720 3668 cuiuscunque
738 3584 875 3669 generis
899 3585 1080 3670 terminos,
1101 3607 1185 3670 quos
1213 3606 1330 3672 posses
1354 3608 1372 3650 e
1401 3606 1482 3670 quo-

342 3731 477 3794 cunque
496 3707 649 3774 discursu
667 3708 932 3796 memoratisque
952 3710 1166 3776 orationibus
1179 3710 1363 3775 desumere.
1377 3710 1482 3775 Sexto

275 3836 318 3898 25
342 3834 386 3898 ad
414 3834 620 3900 artificiosae
644 3835 909 3901 combinationis
938 3837 1164 3924 multiplicem
1192 3837 1361 3902 rationem
1385 3835 1482 3901 iuxta

342 3956 501 4041 formam,
523 3982 627 4043 quam
653 3959 689 4024 in
709 3960 798 4026 libro
824 3961 881 4025 De
900 3960 1191 4028 Architectura
1221 3961 1414 4026 Lulliana
1434 3961 1484 4026 in-

342 4082 566 4149 sinuavimus.
589 4085 720 4162 Quibus
741 4086 900 4151 omnibus
919 4084 975 4179 (si)
994 4088 1140 4153 alterum
1159 4088 1389 4174 comparabile
1406 4110 1483 4152 curn

438 4310 451 4358 l
471 4309 743 4375 methaphisicisque
759 4309 807 4359 ΡΑ
872 4312 888 4359 2
905 4316 934 4360 et
947 4309 1099 4360 identitate
1112 4312 1197 4360 onr.A
1261 4312 1292 4360 23
1308 4326 1406 4375 posses
1417 4310 1483 4359 l'A:

342 4389 475 4454 possisG
539 4391 570 4439 24
587 4391 721 4440 discursu
739 4407 863 4457 corrrppe
882 4390 917 4457 (ἦ
933 4393 1031 4452 osorsc
1042 4391 1235 4459 quacunque?
1298 4391 1485 4441 memoriatis-

345 4470 437 4541 queG
500 4471 531 4520 ’Ξῖ
548 4472 570 4520 si
585 4487 633 4523 orn.
648 4471 697 4523 Pa
