3390 5122
534 439 578 482 nn
599 437 839 482 courosrrious
860 435 1040 495 umorum,
1065 436 1098 480 11.
1320 421 1378 480 ‘237
1473 448 1476 453 ·

202 650 205 655 .
240 592 502 677 Freiululentia,
516 594 724 681 impostura,
738 592 910 675 Pellectio,
922 590 1377 677 CircuinventiO,Machina,

240 717 359 801 Astus,
379 718 542 815 Falsitas,
562 718 689 801 Fucus,
715 717 882 802 Offuciae,
902 717 1109 803 Praestigia,
1130 716 1378 803 Circumscrip-

241 842 304 927 tio,
336 842 583 931 sycophantia,
614 844 737 926 Lusus,
767 842 986 926 LudifieatiO,
1018 841 1151 925 Irrisio,
1185 840 1379 928 Romphus,

241 969 693 1057 Frustrati0,1mplanatio,
722 969 919 1052 Oretizatio,
950 967 1165 1055 Implexitas,
1186 966 1380 1050 calliditas,

197 1094 217 1156 ὖ
241 1091 480 1179 Effascinatio,
498 1096 673 1161 oculorum
693 1095 929 1179 Praestrictio,
946 1092 1045 1159 vafra
1063 1092 1291 1181 Compositio,
1314 1115 1383 1157 sec-

242 1219 327 1285 lcsta
344 1220 470 1304 Fiotio,
488 1221 701 1286 clandestina
713 1222 875 1303 Falsitas,
898 1221 902 1309 Ι
923 1218 1140 1306 ingeniosum
1159 1217 1285 1302 Scelus,
1306 1217 1379 1283 Oir·
1407 1221 1506 1286 13'?

243 1369 322 1411 caca
340 1346 564 1434 Bilinguitas,
582 1349 698 1415 dolosa
713 1346 939 1431 Flexuositas,
953 1346 1060 1412 infida
1077 1345 1251 1429 VarietaS,
1269 1346 1383 1410 latens

242 1475 498 1561 Commeatum,
528 1476 765 1543 commentitia
795 1475 946 1559 Techna,
967 1482 1106 1540 versuta
1126 1473 1287 1557 Solertia,
1308 1498 1383 1540 ver-

243 1602 373 1690 sipellis
401 1603 584 1688 Vafricies,
617 1612 741 1692 arguta
769 1605 952 1691 Decipula,
988 1602 1156 1690 perfidum
1186 1602 1385 1690 Opificium,

178 1731 221 1794 10
244 1728 375 1794 Punica
404 1730 566 1814 Perfidia,
598 1730 810 1796 Boeoticum
827 1731 1013 1816 Aenigma,
1044 1737 1215 1795 nocturna
1242 1727 1385 1813 Militia,

244 1854 412 1920 furtivum
426 1856 585 1939 Facinus,
598 1856 791 1923 facinorosa
802 1857 1050 1941 Dissimulatio,
1063 1864 1249 1944 personata
1261 1855 1385 1922 Fictio.

333 1982 472 2049 Adsunt
493 1984 668 2049 Tenebrae
697 1984 924 2069 Oyrrimeriae,
947 1985 1109 2050 umbrosa
1134 1984 1316 2071 Opacitas,
1336 2006 1388 2049 ar-

245 2129 330 2172 cana
350 2107 534 2194 Obrluctio,
552 2110 767 2195 mysteriosa,
793 2110 996 2176 miraculosa
1011 2110 1183 2193 InanitaS,
1201 2110 1387 2175 Intrieetio

245 2219 475 2318 labyrinthea,
507 2234 624 2300 Nodus
648 2234 873 2322 Gorrlianius,
897 2236 1000 2302 furva
1028 2235 1244 2318 Informitas,
1275 2237 1386 2302 latens

181 2366 222 2427 li')
245 2359 448 2445 Laqueatio,
472 2360 655 2447 templario
680 2361 843 2446 Devotio,
870 2369 962 2428 tecta
986 2362 1115 2447 Fovea,
1147 2371 1220 2428 ater
1253 2361 1387 2428 Scrobi-

247 2483 355 2570 culus,
380 2509 518 2552 caecum
547 2486 763 2571 Latibulum,
784 2495 913 2554 secreta
937 2489 1106 2573 Caverna,
1135 2489 1296 2555 umbrosa
1323 2488 1385 2555 Ga-

247 2610 351 2691 vitas,
370 2634 513 2698 scrupea
536 2612 768 2696 Nebulositas,
789 2613 923 2679 fumosa
943 2613 1102 2699 Obfusio,
1134 2614 1291 2681 involuta
1319 2614 1387 2679 Im·

248 2736 402 2821 plicatio,
435 2737 581 2803 demissa
612 2738 756 2826 Orypta,
784 2738 855 2804 ima
883 2739 1066 2825 Demissio,
1096 2739 1218 2825 tacita,
1248 2740 1384 2824 abdita,

249 2861 434 2949 abruptum
451 2863 714 2950 Praecipitium,
731 2863 941 2931 latebrosum
957 2866 1098 2932 Malum.

702 3145 785 3186 :tainus
801 3145 938 3197 Cyllentcna.

338 3377 481 3443 Nullum
500 3400 582 3441 sano
602 3383 691 3440 esset
709 3375 871 3441 Mercurii
889 3396 1025 3457 numen,
1043 3371 1112 3436 nisi
1128 3370 1318 3457 equitabile
1337 3392 1393 3456 pe

251 3529 310 3570 cus
334 3502 473 3588 aliquod
493 3502 656 3567 subesset.
680 3501 851 3566 Animalia
874 3500 989 3585 imago
1010 3505 1045 3564 et
1068 3497 1180 3583 ligura
1206 3504 1289 3561 noto
1320 3486 1391 3578 est,

251 3630 292 3694 de
312 3652 378 3716 qno
407 3627 497 3693 varii
528 3627 740 3714 scripserunt
770 3632 804 3691 et
831 3647 893 3691 nos
912 3623 1120 3712 particulari
1149 3622 1240 3708 stylo
1271 3620 1313 3684 de
1332 3619 1393 3684 illo

253 3757 469 3843 scripsimus,
506 3755 610 3841 quod,
647 3754 729 3840 quia
765 3751 869 3839 vulgo
900 3750 1078 3838 displicuit
1106 3755 1141 3815 et
1174 3739 1390 3835 sapientibus

187 3900 229 3963 95
252 3891 394 3971 proptor
413 3882 592 3949 sinistrum
622 3903 759 3946 sensnm
789 3901 860 3944 non
887 3879 1032 3966 placuit,
1063 3899 1149 3963 opus
1168 3883 1220 3941 est
1234 3895 1393 3961 suppres-

254 4033 338 4074 sum.
356 4009 457 4074 Nune
473 4015 611 4074 tantum
630 4008 671 4073 dc
691 4004 909 4072 arietantibus
929 4003 1195 4068 meminerimus.
1210 4002 1293 4066 Eius
1314 4024 1395 4086 qua-

126 4146 142 4172 ⁰
253 4137 370 4201 litotes
386 4135 548 4200 Mercurii
569 4133 797 4220 ‹prolitatibus
814 4142 896 4198 sunt
916 4130 1127 4213 contrariae,
1148 4130 1205 4194 sed
1219 4128 1300 4214 quia
1320 4128 1393 4192 sine

254 4261 435 4327 contrariis
459 4260 632 4326 contraria
662 4282 732 4324 non
766 4258 961 4324 subsistunt
992 4264 1025 4322 ct
1055 4255 1237 4322 contrariis
1262 4263 1395 4320 eontra-

347 4488 363 4534 3
374 4487 450 4550 sorae
467 4486 604 4536 Ronclms
669 4483 698 4533 10
715 4483 867 4548 Aenygma
930 4484 960 4533 14
977 4482 1160 4539 Gordianius]
1176 4478 1214 4531 sic
