3390 5122
336 391 395 449 358
774 405 914 451 1666661
935 404 1038 449 anim

450 562 500 625 11.
524 560 580 626 Ab
604 560 784 647 exemplis,
809 567 863 625 ut:
895 559 946 625 ‘si
961 561 1024 632 ,661
1047 559 1145 625 lubet
1168 557 1310 625 Catonis
1333 559 1503 646 pruden-

336 687 422 752 tiam
446 693 480 751 et
503 685 741 752 maturitatem
764 685 947 772 inspicere,
972 684 1076 750 Fabii
1100 685 1323 751 sobrietatem
1347 692 1385 750 et
1409 707 1503 751 con·

337 810 535 893 tinentiam,
565 810 720 877 Marcelli
753 809 1007 894 fortitudinem,
1037 809 1081 875 ad
1108 810 1201 877 hunc
1228 833 1336 877 unum
1367 811 1500 877 oculos

337 941 530 1018 convertat;
565 958 653 1022 quae
676 934 768 1000 euim
792 934 930 1022 singula
953 934 992 999 in
1007 935 1136 1001 'horum
1160 935 1321 1022 singulis,
1342 957 1384 1001 ea
1407 936 1500 1001 uni·

292 1068 312 1130 5
336 1084 435 1127 versa
452 1063 489 1126 in
510 1061 574 1126 hoo
587 1082 657 1127 uno
675 1059 845 1146 inspicere
863 1059 1003 1126 licebit?

450 1189 499 1253 12.
525 1188 555 1251 A
580 1185 876 1270 dissimilitudine,
899 1186 1096 1275 privatione
1130 1194 1164 1252 et
1198 1187 1399 1273 negatione,
1424 1193 1490 1253 ut:

336 1313 477 1401 ‘fingite
503 1314 595 1379 hunc
618 1313 719 1380 nobis
747 1335 819 1379 non
848 1313 979 1397 edesse,
1009 1314 1093 1399 quid
1116 1312 1183 1380 erit
1211 1312 1253 1378 de
1276 1312 1491 1400 republica?

335 1438 462 1504 Actum
486 1446 577 1504 certe
601 1440 667 1504 erit
690 1439 732 1504 de
755 1438 914 1505 domibus
938 1439 1076 1522 restria,
1096 1439 1138 1504 de
1162 1437 1402 1520 facultatibus,
1428 1438 1433 1528 Ι
1457 1440 1489 1505 61
1521 1445 1602 1509 65
1615 1446 1661 1507 F

333 1565 436 1631 huius
460 1566 692 1633 moderamine
710 1566 955 1649 destituamur;
976 1589 1076 1652 quem
1094 1566 1188 1631 enim
1212 1565 1489 1653 appellabimuS,

270 1693 396 1776 loqui
420 1697 491 1756 tarn
514 1691 662 1758 feliciter
687 1699 721 1756 et
744 1699 884 1758 strenue
913 1693 1015 1759 huius
1042 1691 1294 1757 recalcitrantis
1318 1690 1398 1776 equi
1424 1690 1491 1757 ha·

335 1817 441 1883 benaa
464 1816 633 1884 moderari
658 1816 793 1905 possit?
819 1815 1112 1883 Convertemusne
1135 1817 1179 1883 ad
1201 1815 1417 1883 Catilinam?
1437 1819 1491 1881 At

335 1942 393 2007 ille
417 1942 583 2028 nequam’
607 1952 670 2010 616.

447 2069 498 2133 13.
527 2068 582 2133 Ab
618 2068 672 2135 his
708 2091 794 2154 quae
824 2068 1026 2151 difficulter,
1058 2060 1132 2133 sed'
1149 2067 1488 2134 convenientissime

335 2192 530 2276 cohaerent,
555 2201 609 2259 ut:
630 2193 726 2260 ‘cum
744 2194 883 2260 homine
907 2195 957 2260 ita
975 2194 1085 2260 divite
1108 2194 1158 2261 116
1181 2193 1374 2276 1661111166,
1399 2197 1404 2280 Ι
1427 2215 1488 2259 co·
1521 2206 1628 2271 142
1644 2204 1680 2270 G

271 2318 312 2382 15
336 2321 439 2385 mites
463 2319 656 2385 coniuncta.
673 2320 803 2387 In'hoc
822 2327 875 2386 161
894 2320 1150 2387 calamitatibus
1167 2328 1202 2385 et
1226 2319 1401 2386 aerumnis
1422 2341 1489 2408 op-

334 2466 451 2531 presso
470 2450 569 2510 tanta
587 2445 759 2532 patientia
782 2451 816 2510 et
834 2444 1097 2531 longanimitate,
1116 2446 1154 2510 in
1177 2453 1250 2512 tam
1269 2445 1385 2529 (16616,
1407 2451 1489 2511 tam

336 2569 427 2634 claro
451 2569 640 2635 virtutibus
664 2576 699 2635 et
722 2571 866 2637 66166116
893 2571 1036 2658 spiritus
1064 2570 1122 2636 ille
1150 2569 1294 2636 minime
1318 2570 1487 2637 omnium

335 2697 560 2763 ambitiosus?

448 2822 497 2887 14.
522 2822 577 2887 Ab
597 2824 658 2905 eis,
688 2847 776 2909 quae
806 2825 894 2890 male
927 2824 1168 2909 conferuntur,
1200 2824 1488 2890 commemoratis

268 2961 313 3022 20
335 2946 591 3013 conditionibus
621 2949 944 3036 utriusquepartis,
970 2957 1009 3015 ut
1035 2950 1064 3016 si
1090 2949 1242 3015 dicatur:
1259 2948 1306 3015 fo
1330 2948 1489 3036 coelum,

278 3149 282 3165 1
334 3093 354 3136 o
374 3072 445 3156 Dii,
474 3071 618 3139 huccine
642 3074 857 3158 devenimus,
884 3082 924 3140 61
947 3075 1041 3140 111166
1073 3075 1248 3140 temeritas
1273 3081 1307 3138 et
1332 3073 1490 3142 audacia

335 3220 411 3262 cum
428 3196 528 3264 istius
545 3200 833 3284 magnanimitate
858 3201 1104 3287 componatur?
1124 3199 1194 3265 Gur
1213 3222 1282 3265 non
1300 3197 1412 3284 pudet
1432 3201 1492 3266 vi-

333 3324 411 3389 dere
430 3325 666 3412 impudentem
691 3327 789 3392 illum
807 3350 883 3392 oum
902 3327 967 3392 hoc
990 3327 1136 3414 probato
1156 3326 1231 3391 viro
1250 3325 1288 3390 in
1304 3323 1490 3413 discepta-

333 3449 462 3517 tionem
479 3451 634 3517 venire?
654 3451 728 3529 Qua
738 3453 871 3518 ratione
883 3452 940 3518 vel
953 3450 1206 3532 concluldenda
1220 3450 1275 3518 vel
1290 3449 1493 3521 adorienda
1526 3457 1604 3522 66
1617 3462 1659 3524 F

267 3581 310 3645 25
334 3583 385 3641 est
404 3577 583 3663 utriusque
597 3576 792 3644 facinorum
815 3579 1038 3645 enumeratio.

445 3702 496 3766 lb.
521 3703 576 3768 Ab
592 3703 805 3791 imparitate,
825 3705 885 3769 ubi
903 3728 975 3771 non
991 3712 1043 3770 661
1063 3704 1218 3790 quaestio
1237 3704 1329 3769 inter
1345 3703 1492 3774 bonum

336 3835 370 3890 et
387 3828 529 3910 malum,
550 3829 696 3915 probum
713 3829 912 3915 reprobum,
924 3854 1044 3897 verum
1061 3830 1200 3912 falsum,
1223 3829 1281 3895 sed
1301 3829 1488 3899 interduo

334 3952 437 4037 bona,
458 3960 575 4018 utrum
599 3955 735 4040 6161166,
761 3955 853 4020 16161
872 3955 1032 4022 duovera
1055 3956 1110 4021 vel
1130 3955 1337 4042 probabilia,
1353 3961 1488 4025 utrum

334 4077 472 4160 6611166,
493 4079 670 4145 interduo
691 4103 859 4167 congrua,
879 4088 994 4147 utrum
1020 4080 1294 4163 convenientius;
1311 4078 1371 4145 ubi
1398 4080 1495 4150 licet

268 4212 312 4276 30
336 4204 545 4291 amplificare
568 4214 642 4271 tum
667 4229 708 4271 ex
732 4207 832 4272 modo
853 4207 1005 4291 dicendi,
1026 4216 1101 4273 tum
1125 4230 1167 4272 ex
1186 4206 1263 4271 aliis
1283 4204 1494 4277 rationibus

428 4477 439 4524 1
458 4473 529 4522 libet
543 4474 565 4523 (J
631 4473 657 4523 ll
675 4474 1129 4539 66616116661666616616ρὶ666
1145 4473 1168 4523 G
1234 4476 1264 4523 19
1280 4474 1325 4525 Ab
1339 4472 1376 4522 iis
1392 4475 1418 4527 G
