3390 5122
757 397 897 441 lolium
917 397 1021 442 nam

404 1126 511 1190 Porro
527 1148 570 1190 ne
586 1124 672 1211 quid
683 1125 797 1212 operis
810 1133 914 1209 atque
932 1124 1098 1212 temporis
1112 1146 1292 1211 perperam
1311 1123 1460 1188 insuma-

316 1266 388 1333 tur,
406 1251 493 1316 illud
510 1264 563 1315 est
582 1252 718 1316 cautius
731 1248 1091 1333 animadvertendum,
1108 1250 1200 1334 quod
1215 1273 1288 1315 non
1304 1250 1458 1315 omnium

315 1399 428 1461 neque
444 1376 481 1441 in
492 1377 653 1442 omnibns
665 1376 881 1441 differentiae
893 1390 975 1440 sunt
991 1376 1216 1460 quaerendae.
1228 1376 1316 1441 Cum
1331 1377 1460 1441 etenim

271 1531 293 1569 ›
315 1502 463 1569 aliorum
486 1509 537 1567 (ut
560 1503 644 1567 haee
667 1503 712 1567 ab
739 1502 811 1567 illis
840 1501 1089 1584 discernamus)
1114 1501 1330 1568 differentias
1355 1502 1460 1568 liceat

316 1629 506 1714 inquirere,
530 1628 805 1693 differentiarum
830 1636 947 1693 tamen
970 1627 1184 1692 differentias
1207 1650 1372 1714 quaerere
1389 1650 1460 1692 non

317 1754 432 1819 minus
459 1754 526 1819 erit
556 1753 756 1836 absurdum,
784 1776 888 1838 quam
914 1753 1189 1819 substantiarum
1214 1753 1461 1836 substantiam,

318 1879 500 1965 qualitatis
519 1879 738 1964 qualitatem,
758 1879 1011 1965 magnitudinis
1034 1879 1323 1964 magnitudinem.
1342 1878 1461 1943 Nihilo

315 2018 432 2071 tamen
466 2005 581 2070 minus
612 2005 648 2070 in
678 2004 763 2092 ipsis
796 2004 1027 2090 distinguere,
1062 2004 1236 2087 dividere,
1269 2005 1463 2070 discernere

253 2134 294 2197 lo
316 2131 401 2196 nibil
426 2139 532 2196 vetat.
557 2130 648 2195 Illud
667 2131 752 2195 item
776 2129 992 2214 advertatur,
1009 2131 1101 2216 quod
1120 2153 1231 2217 neque
1255 2130 1460 2216 qualitatem

315 2280 378 2345 pro
394 2257 575 2342 qualitatis
592 2256 806 2338 differentia,
824 2256 912 2322 sieut
931 2279 1043 2341 neque
1062 2257 1280 2322 substantiae
1304 2256 1461 2321 substan-

316 2382 401 2449 tiam
418 2406 530 2469 neque
546 2391 658 2448 motus
671 2391 804 2447 motum
819 2382 979 2465 dicimus:
995 2383 1118 2448 eoloris
1134 2383 1227 2447 enim
1244 2381 1460 2446 differentiae

317 2531 388 2573 non
407 2517 488 2573 aunt
520 2508 589 2572 nisi
617 2507 818 2594 qualitates,
848 2531 935 2594 quae
963 2516 1081 2573 tamen
1109 2507 1186 2573 ideo
1215 2506 1462 2573 substantiales

317 2632 494 2716 dicuntur,
523 2632 605 2718 quia
637 2633 826 2698 seeundum
859 2656 915 2698 eas
947 2633 1142 2699 substantia
1178 2632 1364 2715 diuiditur,
1390 2654 1462 2698 non

252 2756 293 2820 15
315 2766 432 2824 tamen
456 2758 494 2823 in
517 2782 574 2824 eas
593 2759 651 2823 sed
676 2759 712 2824 in
732 2759 875 2845 speeies,
895 2766 930 2823 et
948 2759 1013 2824 hae
1030 2767 1113 2824 sunt
1132 2782 1220 2844 quae
1244 2758 1459 2826 substantiae

315 2884 445 2971 speeies
461 2883 626 2950 indicant.
645 2883 789 2949 Numeri
806 2907 942 2970 quoque
961 2885 1134 2968 (Plotinus
1153 2884 1282 2969 inquit)
1302 2883 1460 2949 differen-

316 3008 386 3074 tiae
402 3031 472 3074 non
486 3017 568 3074 sunt
586 3009 738 3092 numeri;
755 3032 826 3074 non
846 3012 851 3094 Ι
871 3011 964 3074 enim
980 3010 1166 3094 quinquen
1182 3010 1295 3074 tribus
1311 3032 1373 3097 per
1391 3009 1459 3075 duo
1483 3011 1613 3076 27?

315 3133 496 3218 differunt,
511 3134 570 3200 sed
589 3135 734 3200 trinario
751 3134 818 3200 duo
835 3158 855 3200 a
871 3135 1024 3221 quinque
1041 3142 1257 3222 superantur.
1274 3134 1365 3200 Sunt
1380 3156 1462 3219 quo·

316 3280 381 3344 quo
400 3259 569 3325 nonnulla
588 3283 674 3346 quae
695 3266 813 3348 aperte
832 3283 867 3325 se
887 3259 971 3346 ipsis
991 3260 1172 3342 differunt,
1189 3260 1280 3325 sicut
1295 3259 1408 3326 virtus
1424 3265 1459 3324 et

249 3380 294 3444 ‘20
315 3383 454 3468 vitium,
474 3385 641 3470 quaedam
662 3409 749 3472 quae
768 3392 886 3471 aperte
905 3407 967 3472 per
986 3384 1095 3469 aliud,
1115 3393 1155 3450 ut
1173 3386 1263 3472 lapis
1282 3393 1317 3449 et
1339 3386 1461 3472 planta

316 3509 517 3596 pervitam,
540 3510 708 3596 quaedam
726 3533 807 3577 vero
828 3511 877 3577 ita
896 3534 931 3576 se
950 3511 1081 3576 habent
1098 3517 1139 3575 nt
1162 3511 1316 3576 vicissim
1339 3519 1461 3577 mutuo

316 3634 384 3698 sibi
403 3635 474 3700 sint
493 3636 622 3723 speeies
638 3644 672 3701 ot
689 3635 914 3702 differentiae.
929 3637 987 3702 Sic
1003 3637 1095 3702 enim
1111 3659 1218 3721 grave
1234 3643 1269 3700 ot
1284 3637 1360 3701 leve
1379 3645 1461 3703 sunt

317 3760 446 3846 speeies
470 3762 649 3848 appulsae,
674 3784 758 3847 quas
783 3765 1000 3828 constituunt
1024 3763 1152 3828 mobile
1175 3761 1219 3827 ad
1247 3762 1400 3828 medium
1424 3769 1460 3828 et

317 3886 479 3952 mobilea
498 3886 625 3970 medio;
649 3910 854 3973 rursumque
877 3889 1004 3954 mobile
1032 3913 1052 3953 a
1080 3888 1193 3954 medio
1217 3896 1251 3953 et
1270 3888 1397 3955 mobile
1416 3888 1460 3954 ad

251 4006 294 4070 Ξῖ)
317 4010 469 4076 medium
497 4019 579 4077 sunt
603 4014 732 4099 speeies
756 4014 981 4098 translabilis,
1012 4037 1097 4100 (pias
1125 4014 1343 4080 constituunt
1369 4014 1463 4079 diffe-

318 4137 450 4202 rentiae
468 4137 626 4222 gravitas
646 4144 680 4203 et
698 4139 832 4205 levitas.

410 4456 426 4503 5
443 4454 501 4504 illis
514 4455 579 4505 PG:
592 4456 656 4522 alijs
671 4459 693 4505 Α
757 4460 773 4506 o
790 4474 909 4524 querere
922 4460 947 4508 P
