3390 5122
552 393 595 436 nn
617 391 860 436 courosirroxu
881 391 1063 450 nixorum,
1085 390 1106 434 1.
1345 375 1400 433 199

256 553 512 619 connexionem.
525 551 593 616 Sed
606 558 640 616 et
653 573 715 615 uos
729 549 907 616 docuimus
918 550 956 615 in
967 548 1196 637 explicatione
1207 551 1400 636 Triginta

256 678 488 765 sigillorum
507 683 632 760 artem,
656 700 743 762 quae
766 676 808 741 de
832 676 992 742 omnibus
1015 674 1101 741 facit
1125 676 1255 758 omnia3
1286 683 1400 742 stante

254 807 360 870 etiam
380 805 471 889 quod
485 793 672 869 'solertiore
692 803 833 890 ingenia
850 802 924 868 sine
941 801 1088 867 artificio
1103 808 1138 866 et
1157 802 1277 867 inania
1295 803 1400 868 verba

256 931 299 995 ad
320 953 439 995 sensus
460 929 636 994 ordinatos
663 934 793 994 norunt
812 934 1051 1012 contorquere,
1069 935 1109 992 ut
1133 927 1258 993 accidit
1276 927 1320 993 iis
1340 929 1400 1013 qui

211 1060 231 1122 5
256 1056 439 1122 confusum
469 1055 654 1120 verborum
680 1053 904 1120 seminarium
923 1076 965 1119 ex
994 1075 1052 1120 ore
1080 1052 1311 1119 fanaticorum
1343 1054 1401 1119 ob·

256 1188 431 1247 servatum
455 1203 533 1246 cum
557 1180 769 1246 successibus
789 1185 823 1244 et
842 1177 940 1244 falsis
966 1178 1120 1245 historiis
1139 1179 1190 1244 ita
1213 1178 1402 1244 adcommo-

257 1307 354 1389 dant,
375 1314 414 1371 ut
445 1305 497 1370 illi
522 1305 662 1390 quidem
680 1304 881 1392 prophetae,
902 1305 962 1369 isti
980 1327 1061 1369 vero
1080 1303 1327 1392 prophetarum
1345 1304 1402 1369 ha-

256 1433 403 1496 beantur
419 1432 635 1518 interpretes.
649 1430 706 1495 Sic
718 1430 928 1499 Chcrinthus
941 1436 1135 1517 stupratam
1148 1452 1167 1495 a
1178 1453 1213 1495 se
1227 1428 1400 1516 virginem

254 1556 429 1644 promovit
446 1556 483 1621 in
503 1555 688 1643 Sibyllam;
708 1579 782 1622 eam
797 1556 925 1643 quippe
945 1556 988 1621 ad
1007 1562 1143 1621 tantam
1159 1556 1208 1621 sic
1227 1555 1402 1642 promovit

191 1685 233 1748 10
256 1681 449 1766 audaciam,
469 1688 509 1746 ut
539 1681 709 1768 quidquid
732 1681 770 1746 in
788 1681 934 1746 buccam
951 1681 1087 1746 veniret
1115 1703 1185 1746 non
1205 1680 1305 1747 modo
1327 1681 1400 1746 sine

257 1806 497 1893 trepidatione,
509 1806 568 1871 sed
584 1805 689 1870 etiam
703 1828 781 1870 cum
793 1805 987 1892 emphatica
1003 1806 1151 1890 quadam
1162 1806 1337 1892 gravitate
1349 1828 1401 1871 co-

256 1954 330 1996 ram
342 1931 469 2018 populo
480 1931 683 1996 blateraret:
698 1930 844 1996 'laurum
856 1931 1020 2004 Loovuan
1031 1930 1171 2016 (iuquit)
1192 1953 1233 1996 nr
1247 1933 1400 1996 Paorxs·

257 2078 365 2139 rums,
384 2056 480 2121 cuius
493 2057 551 2121 ille
569 2078 648 2120 mox
668 2057 853 2143 resumptis
872 2057 1005 2141 verbis,
1025 2065 1150 2143 rugata
1169 2057 1285 2122 fronte
1304 2057 1400 2123 velut

258 2183 428 2247 attonitus
445 2189 479 2246 et
499 2183 588 2247 elato
609 2190 801 2247 commotus
816 2182 1013 2269 supercilio:
1029 2180 1057 2246 O
1075 2205 1253 2268 magnum,
1267 2182 1399 2267 inquie-

124 2366 125 2369 ,
194 2311 233 2373 Ιῠ
258 2309 334 2391 bat,
367 2308 558 2389 oraculum,
580 2329 598 2371 o
621 2307 862 2391 admirandum
892 2307 1030 2372 divinae
1060 2307 1155 2373 vocis
1185 2307 1398 2394 mysterium.

172 2467 186 2490 0
258 2432 479 2517 Subindeque
499 2431 692 2519 versipellis
717 2432 808 2497 idem
831 2431 1143 2519 archisycophanta
1166 2431 1329 2497 universa
1348 2432 1399 2497 ita

257 2557 300 2623 ad
320 2581 373 2622 res
392 2564 506 2643 gestas
527 2565 560 2622 et
578 2558 698 2645 populi
718 2580 829 2623 mores
849 2557 1142 2640 adcommodabat,
1156 2565 1196 2622 ut
1215 2558 1302 2622 nihil
1320 2580 1399 2646 pro·

256 2683 353 2770 prius
374 2706 440 2768 quo
466 2682 551 2747 mire
574 2684 665 2748 inter
683 2683 832 2767 reliquas
850 2683 1141 2769 sanguisugarum
1161 2691 1269 2749 sectas
1293 2705 1399 2771 popu·

256 2810 299 2873 lis
319 2832 380 2895 pro
400 2832 461 2874 sua
489 2816 589 2895 parte
619 2808 795 2873 irridendo
825 2807 956 2873 diutius
986 2808 1225 2894 triumpharet.
1257 2809 1303 2873 Et
1335 2808 1400 2875 hoc

190 2938 234 3000 20
257 2934 430 3019 figurandi
457 2956 566 3019 genus
593 2933 778 2998 artificiose
797 2933 1024 3020 sophisticum
1043 2941 1104 3017 est,
1124 2933 1184 2998 sed
1202 2933 1399 3000 huiusmodi

258 3069 394 3125 moneta
407 3061 444 3123 in
457 3082 564 3146 regno
583 3058 821 3145 philosophiae
832 3080 902 3123 non
915 3059 1131 3146 expenditur.
1148 3059 1197 3123 At
1212 3081 1295 3124 vero
1308 3060 1399 3125 idem

257 3184 517 3271 indisciplinata
536 3183 678 3270 ingenia
693 3184 905 3270 imaginibus
925 3184 1116 3271 sapientiae
1129 3192 1163 3249 et
1177 3207 1256 3250 vere
1269 3185 1401 3252 divino-

257 3334 333 3376 rum
353 3312 568 3376 oraculorum
587 3311 757 3393 tribuent,
776 3311 837 3375 ubi
857 3310 947 3375 oculi
967 3318 1170 3376 noctuarum
1188 3310 1299 3376 lucem
1320 3312 1401 3377 solis

258 3443 433 3521 nequount
452 3435 633 3500 sustinere.
654 3436 699 3500 Et
724 3456 786 3500 nos
811 3435 969 3521 quamvis
988 3457 1058 3500 non
1083 3435 1132 3500 ita
1156 3436 1337 3501 scribimus
1363 3443 1401 3502 ut

190 3571 233 3633 25
257 3562 300 3626 ab
321 3561 479 3625 omnibus
508 3571 542 3624 et
570 3584 631 3646 per
659 3560 775 3625 omnia
804 3560 954 3646 intelligi
974 3560 1120 3626 velimus
1148 3560 1204 3625 vel
1230 3562 1400 3648 possimus

258 3688 378 3768 etiam,
399 3686 515 3751 nullus
535 3694 652 3751 tamen
671 3693 722 3751 est
742 3686 797 3750 cui
821 3684 864 3768 (si
884 3693 1019 3751 attenta
1038 3685 1104 3750 fide
1124 3694 1158 3751 et
1177 3687 1269 3751 fideli
1288 3686 1399 3753 aderit

258 3812 462 3894 attentione)
479 3813 575 3877 iuxta
594 3811 837 3878 sufficicntiam
850 3813 1083 3895 cuiuscunque
1103 3810 1140 3874 in
1160 3833 1227 3895 qua
1243 3819 1400 3878 versatus

257 3947 308 4003 est
337 3938 542 4024 discipliuae
570 3937 759 4024 plurimum
789 3936 909 4001 iuvare
943 3944 977 4001 et
1005 3936 1121 4022 aliqua
1144 3936 1282 4023 placere
1311 3946 1402 4004 sorte

258 4087 328 4129 uon
347 4064 525 4151 possimus.

349 4262 599 4323 ophanoticorum
667 4261 719 4311 Sl.
735 4261 890 4311 Corinthus
957 4261 1117 4311 9Sibilla1u
1191 4263 1220 4310 15
1237 4261 1398 4325 hystorium

257 4343 287 4391 ro
307 4342 559 4406 archisicophanta
623 4343 653 4390 19
669 4341 871 4404 tryumpharet
933 4341 966 4390 20
980 4341 1084 4404 genius
1146 4342 1358 4392 24scribumus
