3390 5122
586 430 781 475 namrlclvnt
801 429 1005 492 renonum,
1028 431 1061 475 11.

257 900 454 963 SECVNDA
474 901 584 961 PARS
608 901 878 962 RHETORIOES
904 900 1068 960 ADDITA
1088 897 1391 959 PRAECEDENTI
1416 847 1570 1003 &6133

810 1113 833 1159 Δ

513 1302 830 1400 [ORDANO
888 1303 1129 1401 BRVNO

674 1502 831 1555 NOLANO
855 1503 981 1556 mano.

347 1699 381 1732 DE
398 1698 564 1733 rtocvrloun
579 1697 627 1732 SEV
644 1697 850 1734 ΕΧΟΒΝᾸΤΙΟΝΉ
869 1698 896 1733 m
913 1697 983 1734 DVAS
1000 1699 1143 1735 anemonas
1160 1700 1291 1747 TRIBVTA,

384 1778 493 1822 Qvnvu
506 1777 590 1814 Pam
602 1778 636 1812 DE
649 1778 728 1814 com
740 1779 882 1814 VEBBORVH
889 1799 895 1826 ,
910 1779 1014 1814 Atrans
1026 1779 1061 1814 DE
1073 1779 1151 1814 ΟΟΡΙΔ
1164 1778 1261 1828 RERVM,

741 2376 843 2441 CAP.
876 2375 903 2440 Ι.

540 2522 656 2563 Transltto
671 2524 694 2561 et
708 2521 814 2561 introitus
830 2519 854 2559 tn
869 2523 956 2570 partem
971 2520 1102 2560 secundam.

336 2707 508 2794 Deinceps
538 2704 731 2771 videbimus
761 2704 846 2790 quid
866 2705 958 2772 ultra
986 2706 1184 2794 praeposita
1207 2715 1392 2796 praecepta

172 2836 226 2901 '10
248 2830 456 2901 desitderari
474 2830 597 2919 possit,
616 2837 651 2895 et
666 2829 852 2896 secundam
872 2830 1058 2899 rhetorices
1076 2839 1210 2918 partem
1231 2831 1394 2919 aprinoi·
1417 2840 1544 2903 98Ῑ11

247 2958 305 3047 pio
325 2955 587 3023 desiderabilem
605 2954 835 3042 perficiemus,
855 2963 895 3024 ut
914 2956 1079 3044 quicquid
1097 2956 1263 3023 hactenus
1283 2957 1390 3024 tradi·

248 3089 322 3149 tum
342 3088 407 3167 est,
428 3081 579 3169 perfecte
608 3080 651 3146 ad
669 3086 804 3168 partem
824 3081 1017 3167 formalem,
1039 3082 1129 3166 quod
1156 3105 1238 3149 vero
1257 3083 1388 3170 praeci·

246 3208 374 3298 pietur,
395 3207 439 3274 ad
456 3206 542 3273 artis
561 3206 775 3273 materialem
791 3213 925 3294 partem
944 3207 1122 3273 referatur.

337 3332 436 3411 Quod
455 3353 538 3420 ergo
558 3331 600 3398 ad
620 3331 801 3398 materiam
819 3332 909 3398 hanc
925 3332 1088 3420 pertinet,
1107 3332 1273 3400 habemus
1293 3335 1392 3421 quin-

184 3461 225 3527 15
249 3482 314 3545 que
330 3457 482 3524 rationes
504 3456 658 3523 themata
674 3456 848 3541 variandi,
862 3457 1118 3543 multiplicandi
1132 3464 1167 3523 et
1181 3459 1392 3546 amplifican-

247 3585 296 3668 di,
312 3590 433 3671 utpote
452 3605 515 3669 pro
533 3580 699 3647 variando
726 3584 753 3646 1.
783 3581 965 3666 dictiones,
986 3582 1016 3646 2.
1036 3581 1177 3668 figuras,
1197 3585 1227 3648 3.
1248 3582 1388 3668 formas,

246 3711 277 3775 4.
297 3706 565 3776 constructionis
590 3707 873 3795 compositionem
897 3730 957 3772 seu
981 3707 1286 3792 combinationem,
1307 3709 1336 3776 5.
1356 3717 1392 3774 et

248 3834 452 3915 sententias,
479 3855 567 3918 quae
590 3839 671 3900 sunt
687 3832 844 3920 proxima
861 3832 1024 3919 cuiusque
1041 3833 1210 3921 propositi
1235 3834 1390 3899 materia.

249 3958 317 4026 Sed
328 3959 413 4025 haec
426 3959 476 4025 ita
489 3957 674 4043 trademus,
688 3964 727 4024 ut
740 3963 849 4023 artem
860 3957 1069 4024 rhetoricam
1084 3958 1271 4024 secundum
1284 3959 1393 4025 mino·

181 4086 226 4150 20
247 4110 321 4153 rem
339 4093 474 4174 partem
493 4087 596 4153 liceat
615 4086 784 4173 inspicere
803 4086 840 4151 in
859 4086 1002 4173 regalia,
1022 4087 1208 4154 secundum
1226 4089 1391 4155 maiorem

248 4222 364 4281 autem
384 4220 419 4279 et
436 4212 723 4301 perfectissimam
743 4213 780 4278 in
799 4212 883 4300 ipsis
902 4213 1105 4279 oratoribus.

346 4485 375 4536 17
394 4487 424 4534 ct
437 4501 485 4535 cm.
501 4483 526 4536 G
589 4484 628 4536 19.
638 4485 670 4536 m
685 4485 824 4536 minorem
841 4485 877 4537 G:
893 4482 1029 4535 maiorem
1041 4482 1069 4533 F
