3390 5122
335 399 395 458 106
773 407 913 452 rounam
934 407 1035 450 snm

335 567 601 635 numerabilium
617 566 747 653 species
759 564 949 650 emigrant,
961 564 1049 627 sicut
1067 560 1314 648 compositione
1330 576 1479 643 spuatuor

335 719 378 760 ex
397 693 582 760 contrariis
605 692 700 757 varie
722 689 904 778 graduatis
922 687 1038 753 omnia
1061 686 1331 752 constituuntur.
1349 681 1479 747 Princi-

336 821 394 907 pia
423 819 532 904 igitur
557 816 726 904 quaedam
748 838 904 903 praeesse
932 830 1068 901 oportet
1094 830 1199 897 atque
1217 811 1362 876 semina.
1387 807 1478 871 unde

336 946 474 1011 infinita
497 945 691 1031 imaginum
709 965 770 1008 seu
792 940 1096 1028 imaginandorum
1114 938 1212 1025 copia
1231 936 1479 1026 proficiscatur.

696 1338 850 1404 CAPVT
884 1330 1118 1403 ocni-'vll

532 1506 566 1545 De
580 1504 653 1544 modu
666 1503 748 1553 quibu
762 1502 840 1542 wize
855 1501 913 1540 fiunt
926 1500 1073 1550 figuratione·
1086 1508 1109 1539 et
1125 1499 1285 1540 indicatione.

426 1816 635 1903 Figuramus
659 1836 741 1900 ergo
760 1812 895 1899 aliquid
921 1821 956 1877 et
984 1813 1210 1878 describimus
1232 1814 1276 1879 ad
1299 1832 1478 1883 externum

335 1942 474 2008 oculum
488 1963 547 2006 seu
563 1940 608 2005 ad
626 1939 816 2004 internum:

468 2066 495 2130 I.
515 2066 569 2130 Ex
588 2087 629 2130 eo
648 2064 741 2150 quod
758 2064 935 2150 singulare
958 2081 1009 2129 est
1029 2064 1066 2128 in
1090 2085 1130 2128 eo
1149 2078 1182 2129 et
1202 2066 1378 2152 propriam
1394 2069 1480 2135 facit

272 2189 317 2253 10
338 2192 585 2274 differentiam,
604 2191 695 2256 sicut·
717 2197 912 2277 serpentem
934 2212 977 2254 ex
1002 2189 1122 2275 spirali
1147 2206 1261 2256 tractu
1285 2216 1344 2257 seu
1367 2195 1480 2262 lineae

338 2319 460 2401 ductu,
485 2318 639 2382 Arietem
663 2339 705 2381 ex
728 2338 789 2381 suo
813 2315 914 2381 modo
937 2315 1091 2380 incurris
1114 2317 1292 2400 cornibus,
1316 2318 1481 2386 Geminos

337 2467 381 2510 ex
399 2443 532 2510 duabus
562 2440 781 2529 comparibus
804 2440 905 2506 lineis
932 2440 1090 2524 adnexis,
1109 2441 1260 2507 Leonem
1286 2466 1328 2508 ex
1355 2447 1482 2512 celebri

340 2570 467 2656 cauda,
487 2569 659 2634 Cancrum
682 2590 724 2632 ex
754 2567 878 2648 chelis3
898 2566 949 2632 uti
978 2567 1177 2632 caelestium
1204 2568 1384 2655 signorum
1403 2571 1482 2638 cha-

338 2702 487 2762 racteres
506 2694 550 2761 ab
569 2693 756 2781 Aegyptiis
774 2692 926 2780 primum
945 2691 1121 2758 ordinatos
1139 2692 1268 2760 habent
1288 2695 1464 2783 astrologi.

273 2825 314 2890 15
470 2821 516 2885 Π.
533 2820 587 2885 Ex
609 2819 743 2885 ratione
767 2826 898 2904 gestus,
918 2818 1007 2884 sicut
1031 2840 1183 2884 amorem
1205 2819 1340 2887 duabus
1362 2822 1483 2908 figuris

337 2947 392 3012 rel
419 2945 674 3012 characteribus
702 2944 757 3008 rel
789 2943 892 3008 lineis
919 2965 955 3007 se
982 2943 1132 3008 invicem
1161 2946 1480 3032 complectentibus,

337 3071 454 3138 odium
479 3072 522 3137 ab
547 3071 696 3136 invicem
720 3069 864 3153 aversis,
888 3068 1070 3135 disiunctis
1094 3078 1127 3134 et
1151 3071 1309 3156 divulsis,
1335 3096 1422 3159 quae
1446 3083 1479 3140 et

337 3197 464 3263 similia
480 3204 717 3263 excantatores
737 3202 771 3260 01
791 3194 938 3260 malefici
960 3200 995 3259 01
1018 3195 1056 3261 11
1079 3196 1197 3261 eodem
1213 3220 1339 3283 genere
1356 3201 1480 3266 medici

337 3323 448 3388 solent
469 3323 666 3406 observare,
686 3328 810 3386 01101
830 3319 1002 3419 modicum
1026 3321 1070 3386 ad
1093 3345 1207 3388 rerum
1226 3323 1413 3390 efficaciam
1433 3327 1482 3391 fa-

271 3453 317 3516 20
339 3448 449 3532 ciunt,
462 3448 550 3513 sicut
571 3447 744 3535 simplicia
762 3445 930 3530 quaedam
945 3448 1142 3533 purgativa,
1159 3447 1188 3514 si
1201 3472 1338 3514 sursum
1353 3451 1480 3518 evulsis

338 3574 443 3641 ramis
463 3598 522 3640 seu
541 3572 724 3640 frondibus
740 3573 934 3660 capiantur,
954 3573 1121 3639 1111111011
1136 3574 1331 3660 expellendi
1349 3599 1411 3663 per
1429 3600 1481 3642 su·

338 3701 476 3788 periora
492 3698 712 3786 concipiunt,
733 3698 762 3763 si
781 3719 862 3763 rero
882 3708 1015 3782 contra,
1031 3721 1093 3785 per
1111 3698 1287 3785 inferiora,
1309 3708 1348 3767 ut
1364 3725 1480 3768 sumus

338 3825 481 3913 experti.

471 3949 536 4015 ΙΠ.
556 3949 588 4012 Α
605 3949 754 4036 simplici
779 3949 941 4015 instituto
970 3949 1014 4014 ad
1041 3950 1271 4016 intentionem
1290 3951 1487 4037 significan-
1511 3959 1570 4020 13

272 4078 315 4141 25
342 4077 422 4142 dam
442 4074 693 4162 profundamus
713 4082 788 4140 tum
807 4075 999 4141 visibilium
1018 4084 1093 4141 tum
1113 4077 1343 4144 invisibilium
1360 4079 1486 4165 specie-

343 4225 434 4285 1111,
456 4200 499 4267 ad
520 4199 611 4286 quod
631 4223 739 4286 genus
756 4208 952 4285 stemmata,
970 4200 1122 4288 insignia
1141 4210 1175 4268 01
1195 4214 1287 4269 00110
1306 4202 1484 4268 hominum

436 4477 476 4529 13.
488 4478 519 4529 14
535 4478 714 4529 cbarecteros
777 4479 809 4529 25
819 4480 898 4544 forse
911 4479 1135 4545 profundimur?
