3390 5122
317 344 358 402 70
755 360 893 405 13331111
914 359 1016 406 imvm

315 515 408 580 haud
425 516 517 581 enim
536 517 625 581 latro
644 516 699 581 vel
718 515 959 582 fraudulentus
984 523 1036 583 est
1059 518 1119 603 qui
1138 517 1237 604 eligit
1254 526 1287 582 et
1306 541 1377 583 non
1396 539 1455 604 113-

316 647 385 706 1331
403 664 521 728 rapere
540 641 596 707 vel
620 641 752 724 fallere,
772 665 883 727 neque
903 643 962 728 qui
981 650 1096 730 potest
1120 651 1154 708 et
1178 667 1248 709 non
1268 643 1380 729 eligit,
1398 643 1457 708 sed

317 765 377 851 qui
403 773 517 853 potest
545 773 579 832 et
609 768 692 853 agit.
712 768 816 833 Hunc
834 767 946 834 locum
974 768 1101 834 falsum
1130 769 1215 834 dicit
1234 769 1458 851 Γ1113111131133,

317 891 486 958 Averroes
505 899 620 958 autem
645 893 919 959 consideratione
943 893 1099 981 indigere
1118 894 1263 977 iudicat,
1282 894 1382 959 nobis
1402 917 1460 959 au-

273 1019 294 1083 l')
317 1024 387 1081 tem
406 1017 532 1083 sufficit
551 1017 717 1102 indicare,
738 1019 820 1104 quia
840 1024 891 1103 (ut
911 1018 1073 1103 diximus)
1089 1021 1286 1106 generalem
1300 1027 1375 1086 tum
1395 1042 1458 1107 pro

317 1142 523 1227 scientificis,
537 1151 611 1209 tum
623 1166 687 1231 pro
698 1167 760 1231 pro
769 1145 773 1224 Ι
782 1144 957 1210 habilibus
969 1145 1328 1230 argumentationibus
1342 1146 1461 1211 inven—
1486 1148 1548 1211 61
1559 1146 1605 1208 P

316 1269 447 1336 tionem
465 1269 657 1334 instituisse
676 1270 849 1354 13131333,
876 1278 911 1334 31
938 1269 1014 1336 ideo
1045 1270 1162 1358 plura,
1180 1293 1268 1356 qnae
1297 1293 1368 1335 non
1386 1293 1463 1357 pos-

318 1401 400 1460 sunt
428 1417 500 1460 esse
524 1402 617 1460 certa
635 1394 821 1482 principia,
853 1395 935 1481 quia
963 1395 1006 1461 ab
1036 1395 1223 1461 Aristotele
1247 1401 1328 1461 sunt
1357 1395 1462 1461 allata

318 1541 389 1585 non
414 1519 733 1606 praetermittimus
757 1520 1085 1606 Vigesimaseptima
1110 1544 1155 1586 an
1184 1520 1340 1586 definitio
1364 1544 1464 1607 gene-

254 1655 296 1717 10
318 1645 366 1710 ris
385 1645 582 1732 propositae
602 1644 729 1732 speciei
745 1651 898 1730 aptetur,
917 1645 978 1710 ubi
992 1645 1196 1731 diligentius
1212 1652 1264 1711 est
1280 1645 1464 1731 inspicien-

319 1771 411 1836 dum.
428 1770 728 1857 Vigesimaoctava
752 1793 797 1835 an
821 1794 862 1836 ex
888 1769 1024 1836 defectu
1041 1771 1328 1838 considerationis
1346 1771 1402 1836 vel
1421 1793 1464 1834 ex

318 1896 517 1983 ignorantia
535 1897 590 1961 vel
609 1918 770 1983 perversa
789 1896 952 1984 opinione
971 1903 1007 1961 et
1027 1895 1214 1962 definiendi
1236 1896 1371 1962 ratione
1391 1919 1465 1983 3113-

319 2021 388 2087 3133
408 2045 483 2087 cum
503 2043 628 2107 genere
654 2044 888 2108 synonymum
916 2045 988 2087 esse
1017 2028 1211 2105 censeatur,
1233 2028 1272 2086 ut
1295 2021 1355 2106 qui
1371 2020 1463 2085 idem

318 2146 483 2213 lationem
501 2146 590 2212 dixit
605 2153 640 2212 et
657 2148 885 2213 mutationem
899 2147 1087 2213 secundum
1102 2147 1230 2230 locum,
1247 2147 1276 2212 si
1293 2147 1462 2232 quaedam

254 2279 295 2343 15
319 2273 406 2337 citra
424 2271 491 2337 looi
503 2272 731 2337 mutationem
750 2272 964 2358 deferantur,
983 2278 1023 2338 ut
1042 2295 1129 2358 quae
1149 2272 1239 2337 circa
1258 2272 1364 2337 fixum
1385 2295 1464 2336 3311-

317 2405 410 2463 trum
430 2397 654 2463 circumeunt.
674 2397 944 2483 Vigesimanena
960 2421 1005 2463 an
1022 2421 1108 2484 quae
1127 2397 1317 2483 subposito
1335 2420 1462 2482 genere

318 2529 545 2588 numerantur
556 2522 829 2610 accidentaliter,
843 2529 980 2589 tantum
995 2523 1134 2587 differre
1145 2522 1255 2610 1133313
1272 2522 1460 2604 ostendere,

318 2654 439 2735 utpote
457 2647 582 2732 forma,
597 2647 722 2734 figura,
741 2649 991 2735 complexione,
1011 2648 1198 2713 seeundum
1215 2646 1327 2733 magis
1346 2653 1380 2711 et
1399 2646 1462 2711 mi-

318 2795 397 2857 333,
417 2773 539 2838 melius
558 2779 592 2838 et
611 2773 762 2838 deterius
791 2773 943 2839 eiusdem
974 2773 1153 2860 qualitatis
1181 2772 1458 2860 participatione.

252 2905 297 2970 ‘20
319 2897 510 2983 Trigesima
539 2921 584 2963 an
611 2897 655 2963 ab
685 2920 755 2962 nna
775 2899 911 2982 generis
942 2897 1053 2985 3113313
1083 2898 1121 2962 13
1145 2898 1250 2963 aliam
1274 2897 1462 2963 transitum

320 3046 388 3089 non
407 3047 479 3089 esse
497 3024 755 3111 generationem
773 3025 830 3089 vel
848 3025 1118 3112 corruptionem,
1143 3025 1203 3090 3311
1221 3024 1462 3090 alterationem

319 3150 429 3237 possis
440 3149 642 3216 convincere
653 3149 709 3214 vel
718 3150 934 3237 persuadere;
946 3150 996 3215 sie
1005 3151 1232 3236 Pythagorici
1242 3158 1277 3215 et
1288 3149 1349 3215 alii
1360 3148 1461 3214 multi

319 3275 554 3363 profundioris
568 3275 805 3362 philosophiae
825 3275 1057 3342 animatorum
1076 3276 1232 3341 omnium
1249 3275 1317 3340 elia
1334 3274 1377 3340 ab
1394 3274 1462 3339 alia

320 3401 410 3485 solis,
426 3423 646 3488 organorum,
660 3401 851 3488 figurarum
869 3407 1289 3488 temperamentorumque
1308 3398 1464 3464 adiacen-

254 3533 297 3597 25
319 3527 379 3592 tiis
398 3526 665 3613 distinguentes,
685 3527 836 3593 animam
867 3534 906 3592 ut
933 3527 1080 3613 3113313111
1111 3549 1231 3611 unam,
1251 3547 1322 3590 non
1346 3540 1463 3591 autem

320 3659 360 3719 ut
377 3676 487 3739 genus
514 3677 621 3719 unum
650 3653 836 3741 accipiunt.
865 3651 1172 3739 Trigesimaprima
1194 3674 1239 3716 an
1266 3650 1321 3717 vel
1341 3649 1460 3716 eadem

321 3779 359 3844 in
377 3779 536 3845 omnibus
552 3778 729 3844 verificare
748 3777 858 3866 1133313
874 3777 991 3862 aliqua
1010 3776 1144 3841 ratione
1163 3776 1368 3858 accidentia,
1386 3798 1465 3862 ope-

322 3905 486 3988 rationeS,
503 3911 599 3970 actus
616 3910 720 3989 etque
738 3903 924 3991 potentiae,
947 3906 952 3992 1
972 3900 1160 3967 seeundum
1177 3903 1329 3987 aliquam
1346 3908 1462 3967 tamen
1488 3906 1596 3970 '759
1616 3905 1657 3971 G

322 4031 529 4116 analogiam,
555 4030 814 4117 proportionem
842 4029 898 4094 vel
926 4028 1205 4115 graduationem3
1230 4029 1281 4094 ita
1309 4028 1401 4093 enim
1427 4028 1464 4092 in

256 4158 300 4223 30
323 4156 528 4242 quibusdam
547 4162 645 4222 actus
664 4156 799 4221 animae
811 4153 917 4219 iidem
927 4175 997 4218 non
1013 4159 1094 4218 sunt
1113 4154 1292 4219 sensibiles
1305 4162 1340 4219 et
1358 4154 1465 4239 expli-

416 4346 448 4393 23
463 4345 520 4394 alia
532 4345 568 4394 ab
580 4344 645 4394 aliis
660 4343 684 4391 (l
746 4344 778 4392 24
795 4343 865 4392 solis
881 4356 1056 4404 organorum
1074 4342 1233 4403 figurarum
1249 4340 1314 4392 Pl:
1332 4342 1402 4391 solis
1420 4357 1463 4390 or-

322 4423 686 4490 ganorum,fignrarum(l
750 4420 980 4474 2733311131130
1042 4421 1251 4482 3011313331)
