<?xml version="1.0" encoding="UTF-8"?>
<!DOCTYPE html PUBLIC "-//W3C//DTD XHTML 1.0 Transitional//EN"
    "http://www.w3.org/TR/xhtml1/DTD/xhtml1-transitional.dtd">
<html xmlns="http://www.w3.org/1999/xhtml" xml:lang="en" lang="en">
 <head>
  <title>
</title>
<meta http-equiv="Content-Type" content="text/html;charset=utf-8" />
  <meta name='ocr-system' content='tesseract 3.04.00' />
  <meta name='ocr-capabilities' content='ocr_page ocr_carea ocr_par ocr_line ocrx_word'/>
</head>
<body>
  <div class='ocr_page' id='page_1' title='image "./jordanibruninol00brungoog_0335.png"; bbox 0 0 3390 5122; ppageno 0'>
   <div class='ocr_carea' id='block_1_1' title="bbox 331 382 1294 453">
    <p class='ocr_par' dir='ltr' id='par_1_1' title="bbox 331 382 1294 453">
     <span class='ocr_line' id='line_1_1' title="bbox 331 382 1294 453; baseline 0.01 -13"><span class='ocrx_word' id='word_1_1' title='bbox 331 382 391 441; x_wconf 78' lang='lat'><strong>320</strong></span> <span class='ocrx_word' id='word_1_2' title='bbox 508 400 647 447; x_wconf 74' lang='lat' dir='ltr'><strong>reuolui</strong></span> <span class='ocrx_word' id='word_1_3' title='bbox 667 402 768 446; x_wconf 79' lang='lat' dir='ltr'><strong>enum</strong></span> <span class='ocrx_word' id='word_1_4' title='bbox 791 404 835 447; x_wconf 82' lang='lat' dir='ltr'><strong>ns</strong></span> <span class='ocrx_word' id='word_1_5' title='bbox 855 404 1097 451; x_wconf 81' lang='lat' dir='ltr'><strong>conrosrmoun</strong></span> <span class='ocrx_word' id='word_1_6' title='bbox 1117 406 1294 453; x_wconf 73' lang='lat' dir='ltr'><strong>rurumvu.</strong></span> 
     </span>
    </p>
   </div>
   <div class='ocr_carea' id='block_1_2' title="bbox 330 557 1414 871">
    <p class='ocr_par' dir='ltr' id='par_1_2' title="bbox 330 557 1414 871">
     <span class='ocr_line' id='line_1_2' title="bbox 365 557 1089 638; baseline 0.006 -21"><span class='ocrx_word' id='word_1_7' title='bbox 365 557 435 618; x_wconf 93' lang='lat' dir='ltr'>XV.</span> <span class='ocrx_word' id='word_1_8' title='bbox 456 558 505 618; x_wconf 85' lang='lat' dir='ltr'><strong>De</strong></span> <span class='ocrx_word' id='word_1_9' title='bbox 521 558 631 619; x_wconf 89' lang='lat' dir='ltr'><strong>horreo</strong></span> <span class='ocrx_word' id='word_1_10' title='bbox 649 559 819 638; x_wconf 80' lang='lat' dir='ltr'>specierum</span> <span class='ocrx_word' id='word_1_11' title='bbox 837 573 868 621; x_wconf 89' lang='lat' dir='ltr'><strong>et</strong></span> <span class='ocrx_word' id='word_1_12' title='bbox 881 561 980 621; x_wconf 83' lang='lat' dir='ltr'><strong>ianuis</strong></span> <span class='ocrx_word' id='word_1_13' title='bbox 997 560 1089 621; x_wconf 91' lang='lat' dir='ltr'><strong>illius.</strong></span> 
     </span>
     <span class='ocr_line' id='line_1_3' title="bbox 348 674 923 754; baseline 0.005 -21"><span class='ocrx_word' id='word_1_14' title='bbox 348 674 437 734; x_wconf 89' lang='lat' dir='ltr'>XVI.</span> <span class='ocrx_word' id='word_1_15' title='bbox 460 675 506 735; x_wconf 92' lang='lat' dir='ltr'><strong>De</strong></span> <span class='ocrx_word' id='word_1_16' title='bbox 524 676 738 736; x_wconf 85' lang='lat' dir='ltr'><strong>firmatoribus·</strong></span> <span class='ocrx_word' id='word_1_17' title='bbox 748 677 923 754; x_wconf 88' lang='lat' dir='ltr'><strong>imaginum.</strong></span> 
     </span>
     <span class='ocr_line' id='line_1_4' title="bbox 330 789 1414 871; baseline 0.006 -23"><span class='ocrx_word' id='word_1_18' title='bbox 330 789 436 850; x_wconf 90' lang='lat' dir='ltr'>XVII.</span> <span class='ocrx_word' id='word_1_19' title='bbox 457 790 634 868; x_wconf 87' lang='lat' dir='ltr'><strong>Aphorismi</strong></span> <span class='ocrx_word' id='word_1_20' title='bbox 653 814 689 854; x_wconf 88' lang='lat' dir='ltr'><strong>ex</strong></span> <span class='ocrx_word' id='word_1_21' title='bbox 707 792 882 854; x_wconf 88' lang='lat' dir='ltr'><strong>conditione</strong></span> <span class='ocrx_word' id='word_1_22' title='bbox 899 794 997 870; x_wconf 89' lang='lat' dir='ltr'><strong>visus,</strong></span> <span class='ocrx_word' id='word_1_23' title='bbox 1016 793 1165 871; x_wconf 89' lang='lat' dir='ltr'><strong>visibilis,</strong></span> <span class='ocrx_word' id='word_1_24' title='bbox 1183 793 1276 854; x_wconf 90' lang='lat' dir='ltr'><strong>medii</strong></span> <span class='ocrx_word' id='word_1_25' title='bbox 1295 803 1327 855; x_wconf 91' lang='lat' dir='ltr'><strong>et</strong></span> <span class='ocrx_word' id='word_1_26' title='bbox 1344 795 1414 856; x_wconf 88' lang='lat' dir='ltr'><strong>loci.</strong></span> 
     </span>
    </p>
   </div>
   <div class='ocr_carea' id='block_1_3' title="bbox 689 1062 1113 1130">
    <p class='ocr_par' dir='ltr' id='par_1_3' title="bbox 689 1062 1113 1130">
     <span class='ocr_line' id='line_1_5' title="bbox 689 1062 1113 1130; baseline 0.007 -3"><span class='ocrx_word' id='word_1_27' title='bbox 689 1062 906 1129; x_wconf 84' lang='lat' dir='ltr'>SECVNDA</span> <span class='ocrx_word' id='word_1_28' title='bbox 940 1062 1113 1130; x_wconf 82' lang='lat' dir='ltr'>SEOTIO.</span> 
     </span>
    </p>
   </div>
   <div class='ocr_carea' id='block_1_4' title="bbox 283 1254 1430 1426">
    <p class='ocr_par' dir='ltr' id='par_1_4' title="bbox 283 1254 1430 1426">
     <span class='ocr_line' id='line_1_6' title="bbox 283 1254 1430 1326; baseline 0.004 -21"><span class='ocrx_word' id='word_1_29' title='bbox 283 1254 304 1319; x_wconf 79' lang='grc'>5</span> <span class='ocrx_word' id='word_1_30' title='bbox 369 1263 413 1306; x_wconf 80' lang='grc' dir='ltr'><strong>ΒΕ</strong></span> <span class='ocrx_word' id='word_1_31' title='bbox 435 1263 542 1323; x_wconf 81' lang='lat' dir='ltr'>LOCIS,</span> <span class='ocrx_word' id='word_1_32' title='bbox 565 1262 704 1323; x_wconf 78' lang='lat' dir='ltr'>ORDINE,</span> <span class='ocrx_word' id='word_1_33' title='bbox 725 1264 840 1319; x_wconf 70' lang='lat' dir='ltr'><strong>onnon,</strong></span> <span class='ocrx_word' id='word_1_34' title='bbox 863 1261 1147 1326; x_wconf 76' lang='lat' dir='ltr'><strong>oooanlun‘rlon&#39;n,</strong></span> <span class='ocrx_word' id='word_1_35' title='bbox 1171 1265 1430 1323; x_wconf 69' lang='lat' dir='ltr'><strong>conuosm&#39;loun,</strong></span> 
     </span>
     <span class='ocr_line' id='line_1_7' title="bbox 520 1379 1293 1426; baseline 0.003 -3"><span class='ocrx_word' id='word_1_36' title='bbox 520 1379 764 1424; x_wconf 69' lang='lat' dir='ltr'><strong>conrnunnu&#39;ro</strong></span> <span class='ocrx_word' id='word_1_37' title='bbox 784 1380 828 1423; x_wconf 84' lang='grc' dir='ltr'><strong>ΕΤ</strong></span> <span class='ocrx_word' id='word_1_38' title='bbox 845 1379 1077 1426; x_wconf 75' lang='grc' dir='ltr'>ΒΙΒΤΙΝΟΤΙΟΝΕ</span> <span class='ocrx_word' id='word_1_39' title='bbox 1099 1381 1293 1425; x_wconf 74' lang='lat' dir='ltr'><strong>sencmnvlr.</strong></span> 
     </span>
    </p>
   </div>
   <div class='ocr_carea' id='block_1_5' title="bbox 800 1750 995 1812">
    <p class='ocr_par' dir='ltr' id='par_1_5' title="bbox 800 1750 995 1812">
     <span class='ocr_line' id='line_1_8' title="bbox 800 1750 995 1812; baseline 0.01 -2"><span class='ocrx_word' id='word_1_40' title='bbox 800 1750 940 1812; x_wconf 83' lang='lat' dir='ltr'>CAPVT</span> <span class='ocrx_word' id='word_1_41' title='bbox 971 1752 995 1812; x_wconf 93' lang='grc' dir='ltr'><strong>Ι.</strong></span> 
     </span>
    </p>
   </div>
   <div class='ocr_carea' id='block_1_6' title="bbox 374 1975 793 2156">
    <p class='ocr_par' dir='ltr' id='par_1_6' title="bbox 374 1975 793 2156">
     <span class='ocr_line' id='line_1_9' title="bbox 389 1975 793 2054; baseline 0 -20"><span class='ocrx_word' id='word_1_42' title='bbox 389 1975 432 2035; x_wconf 94' lang='lat' dir='ltr'><strong>II.</strong></span> <span class='ocrx_word' id='word_1_43' title='bbox 455 1975 502 2035; x_wconf 90' lang='lat' dir='ltr'><strong>De</strong></span> <span class='ocrx_word' id='word_1_44' title='bbox 519 1975 595 2034; x_wconf 90' lang='lat' dir='ltr'><strong>locis</strong></span> <span class='ocrx_word' id='word_1_45' title='bbox 613 1977 793 2054; x_wconf 82' lang='lat' dir='ltr'><strong>specierum.</strong></span> 
     </span>
     <span class='ocr_line' id='line_1_10' title="bbox 374 2094 663 2156; baseline -0.007 -1"><span class='ocrx_word' id='word_1_46' title='bbox 374 2095 433 2156; x_wconf 89' lang='lat' dir='ltr'>III.</span> <span class='ocrx_word' id='word_1_47' title='bbox 455 2094 568 2154; x_wconf 80' lang='lat' dir='ltr'><strong>Forma</strong></span> <span class='ocrx_word' id='word_1_48' title='bbox 584 2094 663 2154; x_wconf 86' lang='lat' dir='ltr'><strong>atrii.</strong></span> 
     </span>
    </p>
   </div>
   <div class='ocr_carea' id='block_1_7' title="bbox 261 2213 1467 2409">
    <p class='ocr_par' dir='ltr' id='par_1_7' title="bbox 261 2213 1467 2409">
     <span class='ocr_line' id='line_1_11' title="bbox 261 2213 1001 2290; baseline -0.003 -15"><span class='ocrx_word' id='word_1_49' title='bbox 261 2226 302 2290; x_wconf 88' lang='lat'><strong>10</strong></span> <span class='ocrx_word' id='word_1_50' title='bbox 376 2215 431 2275; x_wconf 93' lang='lat' dir='ltr'><strong>IV.</strong></span> <span class='ocrx_word' id='word_1_51' title='bbox 453 2215 500 2274; x_wconf 89' lang='lat' dir='ltr'><strong>De</strong></span> <span class='ocrx_word' id='word_1_52' title='bbox 518 2234 643 2275; x_wconf 88' lang='lat' dir='ltr'><strong>numero</strong></span> <span class='ocrx_word' id='word_1_53' title='bbox 661 2224 692 2274; x_wconf 90' lang='lat' dir='ltr'><strong>et</strong></span> <span class='ocrx_word' id='word_1_54' title='bbox 707 2213 830 2274; x_wconf 89' lang='lat' dir='ltr'><strong>nomine</strong></span> <span class='ocrx_word' id='word_1_55' title='bbox 846 2214 1001 2273; x_wconf 84' lang='lat' dir='ltr'><strong>atriorum.</strong></span> 
     </span>
     <span class='ocr_line' id='line_1_12' title="bbox 395 2330 1467 2409; baseline -0.001 -17"><span class='ocrx_word' id='word_1_56' title='bbox 395 2332 432 2392; x_wconf 93' lang='lat' dir='ltr'><strong>V.</strong></span> <span class='ocrx_word' id='word_1_57' title='bbox 454 2331 604 2391; x_wconf 82' lang='lat' dir='ltr'><strong>Locorum</strong></span> <span class='ocrx_word' id='word_1_58' title='bbox 612 2330 734 2408; x_wconf 82' lang='lat' dir='ltr'><strong>divisio,</strong></span> <span class='ocrx_word' id='word_1_59' title='bbox 742 2350 868 2405; x_wconf 91' lang='lat' dir='ltr'><strong>quorum</strong></span> <span class='ocrx_word' id='word_1_60' title='bbox 879 2331 1048 2390; x_wconf 87' lang='lat' dir='ltr'><strong>communia</strong></span> <span class='ocrx_word' id='word_1_61' title='bbox 1057 2330 1277 2409; x_wconf 85' lang='lat' dir='ltr'><strong>quintuplicem</strong></span> <span class='ocrx_word' id='word_1_62' title='bbox 1288 2330 1467 2391; x_wconf 75' lang='lat' dir='ltr'><strong>relationem</strong></span> 
     </span>
    </p>
   </div>
   <div class='ocr_carea' id='block_1_8' title="bbox 522 2432 1552 2526">
    <p class='ocr_par' dir='ltr' id='par_1_8' title="bbox 522 2432 1552 2526">
     <span class='ocr_line' id='line_1_13' title="bbox 522 2432 1552 2526; baseline -0.003 -17"><span class='ocrx_word' id='word_1_63' title='bbox 522 2448 693 2526; x_wconf 89' lang='lat' dir='ltr'><strong>suscipiunt</strong></span> <span class='ocrx_word' id='word_1_64' title='bbox 718 2447 804 2508; x_wconf 85' lang='lat' dir='ltr'><strong>editu</strong></span> <span class='ocrx_word' id='word_1_65' title='bbox 826 2448 979 2524; x_wconf 86' lang='lat' dir='ltr'><strong>orientali,</strong></span> <span class='ocrx_word' id='word_1_66' title='bbox 1002 2447 1164 2522; x_wconf 83' lang='lat' dir='ltr'><strong>occident,</strong></span> <span class='ocrx_word' id='word_1_67' title='bbox 1187 2447 1307 2524; x_wconf 79' lang='lat' dir='ltr'><strong>merid,</strong></span> <span class='ocrx_word' id='word_1_68' title='bbox 1331 2456 1464 2525; x_wconf 87' lang='lat' dir='ltr'><strong>septent.</strong></span> <span class='ocrx_word' id='word_1_69' title='bbox 1549 2432 1552 2438; x_wconf 38' lang='lat'><strong>¹</strong></span> 
     </span>
    </p>
   </div>
   <div class='ocr_carea' id='block_1_9' title="bbox 253 2566 1608 4298">
    <p class='ocr_par' dir='ltr' id='par_1_9' title="bbox 253 2566 1608 4298">
     <span class='ocr_line' id='line_1_14' title="bbox 522 2566 681 2626; baseline 0 -1"><span class='ocrx_word' id='word_1_70' title='bbox 522 2574 553 2625; x_wconf 87' lang='lat' dir='ltr'><strong>et</strong></span> <span class='ocrx_word' id='word_1_71' title='bbox 571 2566 681 2626; x_wconf 87' lang='lat' dir='ltr'><strong>medie.</strong></span> 
     </span>
     <span class='ocr_line' id='line_1_15' title="bbox 377 2683 1466 2760; baseline -0.003 -15"><span class='ocrx_word' id='word_1_72' title='bbox 377 2686 430 2745; x_wconf 91' lang='lat' dir='ltr'><strong>VI.</strong></span> <span class='ocrx_word' id='word_1_73' title='bbox 452 2686 536 2744; x_wconf 85' lang='lat' dir='ltr'><strong>Loca</strong></span> <span class='ocrx_word' id='word_1_74' title='bbox 563 2684 716 2744; x_wconf 84' lang='lat' dir='ltr'><strong>adiective</strong></span> <span class='ocrx_word' id='word_1_75' title='bbox 737 2684 806 2744; x_wconf 89' lang='lat' dir='ltr'><strong>atrii</strong></span> <span class='ocrx_word' id='word_1_76' title='bbox 839 2684 945 2745; x_wconf 84' lang='lat' dir='ltr'><strong>altaris</strong></span> <span class='ocrx_word' id='word_1_77' title='bbox 972 2685 1103 2760; x_wconf 87' lang='lat' dir='ltr'><strong>quinque</strong></span> <span class='ocrx_word' id='word_1_78' title='bbox 1126 2683 1232 2745; x_wconf 89' lang='lat' dir='ltr'><strong>formis</strong></span> <span class='ocrx_word' id='word_1_79' title='bbox 1259 2683 1394 2743; x_wconf 86' lang='lat' dir='ltr'><strong>variabis</strong></span> <span class='ocrx_word' id='word_1_80' title='bbox 1426 2703 1466 2743; x_wconf 87' lang='lat' dir='ltr'><strong>ex</strong></span> 
     </span>
     <span class='ocr_line' id='line_1_16' title="bbox 258 2800 1090 2879; baseline -0.007 -13"><span class='ocrx_word' id='word_1_81' title='bbox 258 2803 299 2867; x_wconf 81' lang='lat' dir='ltr'><strong>lb</strong></span> <span class='ocrx_word' id='word_1_82' title='bbox 522 2801 702 2879; x_wconf 77' lang='lat' dir='ltr'><strong>quintuplici</strong></span> <span class='ocrx_word' id='word_1_83' title='bbox 719 2801 899 2860; x_wconf 71' lang='lat' dir='ltr'><strong>adsistentis</strong></span> <span class='ocrx_word' id='word_1_84' title='bbox 917 2800 1090 2860; x_wconf 84' lang='lat' dir='ltr'><strong>situations.</strong></span> 
     </span>
     <span class='ocr_line' id='line_1_17' title="bbox 355 2918 1342 2996; baseline -0.003 -17"><span class='ocrx_word' id='word_1_85' title='bbox 355 2921 426 2980; x_wconf 90' lang='lat' dir='ltr'><strong>Vll.</strong></span> <span class='ocrx_word' id='word_1_86' title='bbox 449 2920 497 2979; x_wconf 88' lang='lat' dir='ltr'><strong>De</strong></span> <span class='ocrx_word' id='word_1_87' title='bbox 513 2918 653 2996; x_wconf 89' lang='lat' dir='ltr'><strong>possibili</strong></span> <span class='ocrx_word' id='word_1_88' title='bbox 670 2918 842 2979; x_wconf 84' lang='lat' dir='ltr'><strong>adiectione</strong></span> <span class='ocrx_word' id='word_1_89' title='bbox 864 2939 918 2996; x_wconf 89' lang='lat' dir='ltr'><strong>pro</strong></span> <span class='ocrx_word' id='word_1_90' title='bbox 936 2918 1093 2994; x_wconf 84' lang='lat' dir='ltr'><strong>trigenarii</strong></span> <span class='ocrx_word' id='word_1_91' title='bbox 1111 2918 1342 2996; x_wconf 87' lang='lat' dir='ltr'><strong>complemento.</strong></span> 
     </span>
     <span class='ocr_line' id='line_1_18' title="bbox 342 3036 821 3115; baseline -0.002 -18"><span class='ocrx_word' id='word_1_92' title='bbox 342 3038 426 3097; x_wconf 89' lang='lat' dir='ltr'>VIII.</span> <span class='ocrx_word' id='word_1_93' title='bbox 449 3037 497 3096; x_wconf 90' lang='lat' dir='ltr'><strong>De</strong></span> <span class='ocrx_word' id='word_1_94' title='bbox 519 3036 624 3096; x_wconf 87' lang='lat' dir='ltr'><strong>ordine</strong></span> <span class='ocrx_word' id='word_1_95' title='bbox 642 3036 821 3115; x_wconf 87' lang='lat' dir='ltr'><strong>specierum.</strong></span> 
     </span>
     <span class='ocr_line' id='line_1_19' title="bbox 367 3153 980 3214; baseline -0.005 -1"><span class='ocrx_word' id='word_1_96' title='bbox 367 3155 427 3214; x_wconf 88' lang='lat' dir='ltr'><strong>IX.</strong></span> <span class='ocrx_word' id='word_1_97' title='bbox 450 3154 618 3214; x_wconf 87' lang='lat' dir='ltr'><strong>Duodecim</strong></span> <span class='ocrx_word' id='word_1_98' title='bbox 635 3153 841 3213; x_wconf 87' lang='lat' dir='ltr'><strong>adcinentium</strong></span> <span class='ocrx_word' id='word_1_99' title='bbox 859 3153 980 3212; x_wconf 84' lang='lat' dir='ltr'><strong>cubilia.</strong></span> 
     </span>
     <span class='ocr_line' id='line_1_20' title="bbox 386 3271 969 3350; baseline -0.003 -17"><span class='ocrx_word' id='word_1_100' title='bbox 386 3275 428 3333; x_wconf 88' lang='lat' dir='ltr'><strong>X.</strong></span> <span class='ocrx_word' id='word_1_101' title='bbox 451 3273 593 3350; x_wconf 82' lang='lat' dir='ltr'><strong>Triginta</strong></span> <span class='ocrx_word' id='word_1_102' title='bbox 609 3271 832 3332; x_wconf 82' lang='lat' dir='ltr'><strong>concinentium</strong></span> <span class='ocrx_word' id='word_1_103' title='bbox 850 3272 969 3331; x_wconf 86' lang='lat' dir='ltr'><strong>cubilia.</strong></span> 
     </span>
     <span class='ocr_line' id='line_1_21' title="bbox 254 3390 1323 3469; baseline -0.003 -17"><span class='ocrx_word' id='word_1_104' title='bbox 254 3397 298 3460; x_wconf 80' lang='lat'><strong>20</strong></span> <span class='ocrx_word' id='word_1_105' title='bbox 367 3393 427 3452; x_wconf 87' lang='lat' dir='ltr'><strong>XI.</strong></span> <span class='ocrx_word' id='word_1_106' title='bbox 447 3391 602 3468; x_wconf 82' lang='lat' dir='ltr'><strong>Imagines</strong></span> <span class='ocrx_word' id='word_1_107' title='bbox 619 3391 651 3449; x_wconf 91' lang='lat' dir='ltr'><strong>in</strong></span> <span class='ocrx_word' id='word_1_108' title='bbox 676 3391 820 3450; x_wconf 89' lang='lat' dir='ltr'><strong>cubilium</strong></span> <span class='ocrx_word' id='word_1_109' title='bbox 836 3390 985 3451; x_wconf 91' lang='lat' dir='ltr'><strong>minorum</strong></span> <span class='ocrx_word' id='word_1_110' title='bbox 1004 3401 1108 3451; x_wconf 88' lang='lat' dir='ltr'><strong>centro</strong></span> <span class='ocrx_word' id='word_1_111' title='bbox 1132 3392 1323 3469; x_wconf 86' lang='lat' dir='ltr'><strong>conspicuae.</strong></span> 
     </span>
     <span class='ocr_line' id='line_1_22' title="bbox 350 3508 1462 3587; baseline -0.001 -17"><span class='ocrx_word' id='word_1_112' title='bbox 350 3511 425 3570; x_wconf 90' lang='lat' dir='ltr'>XII.</span> <span class='ocrx_word' id='word_1_113' title='bbox 447 3509 619 3586; x_wconf 82' lang='lat' dir='ltr'><strong>Explicatio</strong></span> <span class='ocrx_word' id='word_1_114' title='bbox 646 3509 811 3584; x_wconf 86' lang='lat' dir='ltr'><strong>imaginum</strong></span> <span class='ocrx_word' id='word_1_115' title='bbox 838 3508 1043 3585; x_wconf 80' lang='lat' dir='ltr'><strong>sensibilium,</strong></span> <span class='ocrx_word' id='word_1_116' title='bbox 1066 3510 1161 3587; x_wconf 88' lang='lat' dir='ltr'><strong>primo</strong></span> <span class='ocrx_word' id='word_1_117' title='bbox 1189 3510 1317 3569; x_wconf 84' lang='lat' dir='ltr'><strong>aliorum</strong></span> <span class='ocrx_word' id='word_1_118' title='bbox 1340 3508 1462 3569; x_wconf 88' lang='lat' dir='ltr'><strong>actione</strong></span> 
     </span>
     <span class='ocr_line' id='line_1_23' title="bbox 523 3628 739 3687; baseline -0.005 0"><span class='ocrx_word' id='word_1_119' title='bbox 523 3628 739 3687; x_wconf 87' lang='lat' dir='ltr'><strong>adcinentium.</strong></span> 
     </span>
     <span class='ocr_line' id='line_1_24' title="bbox 335 3746 981 3810; baseline -0.008 0"><span class='ocrx_word' id='word_1_120' title='bbox 335 3751 427 3810; x_wconf 87' lang='lat' dir='ltr'>XIII.</span> <span class='ocrx_word' id='word_1_121' title='bbox 449 3747 586 3808; x_wconf 86' lang='lat' dir='ltr'><strong>Secundo</strong></span> <span class='ocrx_word' id='word_1_122' title='bbox 605 3746 732 3805; x_wconf 89' lang='lat' dir='ltr'><strong>aliarum</strong></span> <span class='ocrx_word' id='word_1_123' title='bbox 750 3747 981 3805; x_wconf 86' lang='lat' dir='ltr'><strong>concinentium.</strong></span> 
     </span>
     <span class='ocr_line' id='line_1_25' title="bbox 339 3866 1608 3953; baseline -0.007 -24"><span class='ocrx_word' id='word_1_124' title='bbox 339 3870 426 3929; x_wconf 87' lang='lat' dir='ltr'>XIV.</span> <span class='ocrx_word' id='word_1_125' title='bbox 447 3870 494 3928; x_wconf 91' lang='lat' dir='ltr'><strong>De</strong></span> <span class='ocrx_word' id='word_1_126' title='bbox 511 3867 680 3926; x_wconf 86' lang='lat' dir='ltr'><strong>firmatione</strong></span> <span class='ocrx_word' id='word_1_127' title='bbox 699 3866 869 3943; x_wconf 84' lang='lat' dir='ltr'><strong>specierum</strong></span> <span class='ocrx_word' id='word_1_128' title='bbox 888 3886 941 3943; x_wconf 86' lang='lat' dir='ltr'><strong>per</strong></span> <span class='ocrx_word' id='word_1_129' title='bbox 958 3873 1104 3924; x_wconf 83' lang='lat' dir='ltr'><strong>catenam.</strong></span> <span class='ocrx_word' id='word_1_130' title='bbox 1492 3883 1608 3953; x_wconf 72' lang='lat'><strong>213</strong></span> 
     </span>
     <span class='ocr_line' id='line_1_26' title="bbox 253 3985 1460 4066; baseline 0 -18"><span class='ocrx_word' id='word_1_131' title='bbox 253 3994 296 4055; x_wconf 74' lang='lat'><strong>‘25</strong></span> <span class='ocrx_word' id='word_1_132' title='bbox 356 3989 426 4048; x_wconf 88' lang='lat' dir='ltr'><strong>XV.</strong></span> <span class='ocrx_word' id='word_1_133' title='bbox 447 3988 494 4047; x_wconf 90' lang='lat' dir='ltr'><strong>De</strong></span> <span class='ocrx_word' id='word_1_134' title='bbox 525 3985 750 4046; x_wconf 86' lang='lat' dir='ltr'><strong>conditionibus</strong></span> <span class='ocrx_word' id='word_1_135' title='bbox 779 3986 908 4061; x_wconf 82' lang='lat' dir='ltr'><strong>partium</strong></span> <span class='ocrx_word' id='word_1_136' title='bbox 934 3986 963 4043; x_wconf 92' lang='lat' dir='ltr'><strong>in</strong></span> <span class='ocrx_word' id='word_1_137' title='bbox 995 3985 1147 4057; x_wconf 86' lang='lat' dir='ltr'><strong>domibus,</strong></span> <span class='ocrx_word' id='word_1_138' title='bbox 1174 3985 1261 4047; x_wconf 86' lang='lat' dir='ltr'><strong>atriis</strong></span> <span class='ocrx_word' id='word_1_139' title='bbox 1289 3997 1321 4048; x_wconf 89' lang='lat' dir='ltr'><strong>et</strong></span> <span class='ocrx_word' id='word_1_140' title='bbox 1343 3990 1460 4066; x_wconf 84' lang='lat' dir='ltr'><strong>campis</strong></span> 
     </span>
     <span class='ocr_line' id='line_1_27' title="bbox 519 4103 728 4165; baseline -0.024 1"><span class='ocrx_word' id='word_1_141' title='bbox 519 4103 728 4165; x_wconf 81' lang='lat' dir='ltr'><strong>observandis.</strong></span> 
     </span>
     <span class='ocr_line' id='line_1_28' title="bbox 337 4219 1460 4298; baseline 0.001 -15"><span class='ocrx_word' id='word_1_142' title='bbox 337 4224 425 4285; x_wconf 88' lang='lat' dir='ltr'>XVI.</span> <span class='ocrx_word' id='word_1_143' title='bbox 448 4222 495 4282; x_wconf 84' lang='lat' dir='ltr'><strong>De</strong></span> <span class='ocrx_word' id='word_1_144' title='bbox 517 4219 736 4296; x_wconf 88' lang='lat' dir='ltr'><strong>compositione</strong></span> <span class='ocrx_word' id='word_1_145' title='bbox 760 4220 939 4297; x_wconf 86' lang='lat' dir='ltr'><strong>specierum,</strong></span> <span class='ocrx_word' id='word_1_146' title='bbox 958 4240 1011 4277; x_wconf 86' lang='lat' dir='ltr'><strong>seu</strong></span> <span class='ocrx_word' id='word_1_147' title='bbox 1027 4219 1191 4296; x_wconf 82' lang='lat' dir='ltr'><strong>imaginum</strong></span> <span class='ocrx_word' id='word_1_148' title='bbox 1209 4223 1460 4298; x_wconf 85' lang='lat' dir='ltr'><strong>configuratione.</strong></span> 
     </span>
    </p>
   </div>
   <div class='ocr_carea' id='block_1_10' title="bbox 414 4465 837 4534">
    <p class='ocr_par' dir='ltr' id='par_1_10' title="bbox 414 4465 837 4534">
     <span class='ocr_line' id='line_1_29' title="bbox 414 4465 837 4534; baseline -0.014 -14"><span class='ocrx_word' id='word_1_149' title='bbox 414 4469 443 4520; x_wconf 76' lang='lat'><strong>12</strong></span> <span class='ocrx_word' id='word_1_150' title='bbox 462 4473 571 4534; x_wconf 86' lang='lat' dir='ltr'><strong>sopent.</strong></span> <span class='ocrx_word' id='word_1_151' title='bbox 642 4468 673 4516; x_wconf 72' lang='lat'><strong>‘24</strong></span> <span class='ocrx_word' id='word_1_152' title='bbox 690 4465 837 4517; x_wconf 84' lang='lat' dir='ltr'><strong>cathenam</strong></span> 
     </span>
    </p>
   </div>
   <div class='ocr_carea' id='block_1_11' title="bbox 0 0 1700 5122">
    <p class='ocr_par' dir='ltr' id='par_1_11' title="bbox 0 0 1700 5122">
     <span class='ocr_line' id='line_1_30' title="bbox 0 0 1700 5122; baseline 0 0"><span class='ocrx_word' id='word_1_153' title='bbox 0 0 1700 5122; x_wconf 95' lang='lat' dir='ltr'><strong> </strong></span> 
     </span>
    </p>
   </div>
  </div>
 </body>
</html>
