<?xml version="1.0" encoding="UTF-8"?>
<!DOCTYPE html PUBLIC "-//W3C//DTD XHTML 1.0 Transitional//EN"
    "http://www.w3.org/TR/xhtml1/DTD/xhtml1-transitional.dtd">
<html xmlns="http://www.w3.org/1999/xhtml" xml:lang="en" lang="en">
 <head>
  <title>
</title>
<meta http-equiv="Content-Type" content="text/html;charset=utf-8" />
  <meta name='ocr-system' content='tesseract 3.04.00' />
  <meta name='ocr-capabilities' content='ocr_page ocr_carea ocr_par ocr_line ocrx_word'/>
</head>
<body>
  <div class='ocr_page' id='page_1' title='image "./jordanibruninol00brungoog_0130.png"; bbox 0 0 3390 5122; ppageno 0'>
   <div class='ocr_carea' id='block_1_1' title="bbox 543 409 1097 471">
    <p class='ocr_par' dir='ltr' id='par_1_1' title="bbox 543 409 1097 471">
     <span class='ocr_line' id='line_1_1' title="bbox 543 409 1097 471; baseline -0.018 -9"><span class='ocrx_word' id='word_1_1' title='bbox 543 415 588 462; x_wconf 75' lang='lat' dir='ltr'><strong>DE</strong></span> <span class='ocrx_word' id='word_1_2' title='bbox 609 412 851 461; x_wconf 75' lang='lat' dir='ltr'><strong>oomuosl&#39;rloun</strong></span> <span class='ocrx_word' id='word_1_3' title='bbox 873 409 1054 471; x_wconf 71' lang='lat' dir='ltr'><strong>lnaolnvn,</strong></span> <span class='ocrx_word' id='word_1_4' title='bbox 1079 411 1097 452; x_wconf 93' lang='grc'><strong>1.</strong></span> 
     </span>
    </p>
   </div>
   <div class='ocr_carea' id='block_1_2' title="bbox 696 702 960 769">
    <p class='ocr_par' dir='ltr' id='par_1_2' title="bbox 696 702 960 769">
     <span class='ocr_line' id='line_1_2' title="bbox 696 702 960 769; baseline -0.011 0"><span class='ocrx_word' id='word_1_5' title='bbox 696 702 847 769; x_wconf 78' lang='lat' dir='ltr'>CAPVT</span> <span class='ocrx_word' id='word_1_6' title='bbox 878 703 960 767; x_wconf 90' lang='lat' dir='ltr'>XII.</span> 
     </span>
    </p>
   </div>
   <div class='ocr_carea' id='block_1_3' title="bbox 642 868 1005 919">
    <p class='ocr_par' dir='ltr' id='par_1_3' title="bbox 642 868 1005 919">
     <span class='ocr_line' id='line_1_3' title="bbox 642 868 1005 919; baseline -0.008 -10"><span class='ocrx_word' id='word_1_7' title='bbox 642 872 676 910; x_wconf 90' lang='lat' dir='ltr'><strong>Dc</strong></span> <span class='ocrx_word' id='word_1_8' title='bbox 691 871 739 910; x_wconf 85' lang='lat' dir='ltr'><strong>luco</strong></span> <span class='ocrx_word' id='word_1_9' title='bbox 753 870 878 919; x_wconf 70' lang='lat' dir='ltr'><strong>imaginum</strong></span> <span class='ocrx_word' id='word_1_10' title='bbox 894 868 1005 908; x_wconf 72' lang='lat' dir='ltr'><strong>vehiculo.</strong></span> 
     </span>
    </p>
   </div>
   <div class='ocr_carea' id='block_1_4' title="bbox 188 1112 1487 2454">
    <p class='ocr_par' dir='ltr' id='par_1_4' title="bbox 188 1112 1487 2454">
     <span class='ocr_line' id='line_1_4' title="bbox 339 1112 1394 1205; baseline -0.007 -20"><span class='ocrx_word' id='word_1_11' title='bbox 339 1120 403 1185; x_wconf 84' lang='lat' dir='ltr'><strong>Est</strong></span> <span class='ocrx_word' id='word_1_12' title='bbox 420 1118 558 1205; x_wconf 85' lang='lat' dir='ltr'><strong>quidem</strong></span> <span class='ocrx_word' id='word_1_13' title='bbox 576 1116 637 1183; x_wconf 86' lang='lat' dir='ltr'><strong>lux</strong></span> <span class='ocrx_word' id='word_1_14' title='bbox 655 1117 753 1183; x_wconf 79' lang='lat' dir='ltr'><strong>iirxta</strong></span> <span class='ocrx_word' id='word_1_15' title='bbox 769 1114 976 1203; x_wconf 86' lang='lat' dir='ltr'><strong>profundius</strong></span> <span class='ocrx_word' id='word_1_16' title='bbox 989 1112 1300 1201; x_wconf 77' lang='lat' dir='ltr'><strong>contemplantium</strong></span> <span class='ocrx_word' id='word_1_17' title='bbox 1320 1134 1394 1178; x_wconf 87' lang='lat' dir='ltr'><strong>sen-</strong></span> 
     </span>
     <span class='ocr_line' id='line_1_5' title="bbox 250 1240 1393 1332; baseline -0.005 -22"><span class='ocrx_word' id='word_1_18' title='bbox 250 1245 397 1310; x_wconf 90' lang='lat' dir='ltr'><strong>tentiam</strong></span> <span class='ocrx_word' id='word_1_19' title='bbox 422 1245 534 1332; x_wconf 91' lang='lat' dir='ltr'><strong>primo</strong></span> <span class='ocrx_word' id='word_1_20' title='bbox 558 1243 753 1309; x_wconf 87' lang='lat' dir='ltr'><strong>substantia</strong></span> <span class='ocrx_word' id='word_1_21' title='bbox 772 1241 952 1328; x_wconf 81' lang='lat' dir='ltr'>quaedam,</span> <span class='ocrx_word' id='word_1_22' title='bbox 979 1240 1172 1325; x_wconf 88' lang='lat' dir='ltr'><strong>quinimmo</strong></span> <span class='ocrx_word' id='word_1_23' title='bbox 1196 1246 1231 1305; x_wconf 90' lang='lat' dir='ltr'><strong>et</strong></span> <span class='ocrx_word' id='word_1_24' title='bbox 1260 1246 1300 1304; x_wconf 92' lang='lat' dir='ltr'><strong>ut</strong></span> <span class='ocrx_word' id='word_1_25' title='bbox 1324 1240 1393 1327; x_wconf 88' lang='lat' dir='ltr'><strong>pri-</strong></span> 
     </span>
     <span class='ocr_line' id='line_1_6' title="bbox 207 1365 1487 1454; baseline -0.002 -19"><span class='ocrx_word' id='word_1_26' title='bbox 207 1365 227 1428; x_wconf 79' lang='grc'>5</span> <span class='ocrx_word' id='word_1_27' title='bbox 251 1393 341 1435; x_wconf 91' lang='lat' dir='ltr'><strong>mam</strong></span> <span class='ocrx_word' id='word_1_28' title='bbox 361 1392 477 1435; x_wconf 90' lang='lat' dir='ltr'><strong>rerum</strong></span> <span class='ocrx_word' id='word_1_29' title='bbox 492 1367 721 1434; x_wconf 76' lang='lat' dir='ltr'><strong>substantiam</strong></span> <span class='ocrx_word' id='word_1_30' title='bbox 741 1367 852 1454; x_wconf 88' lang='lat' dir='ltr'><strong>ipsam</strong></span> <span class='ocrx_word' id='word_1_31' title='bbox 871 1389 988 1432; x_wconf 84' lang='lat' dir='ltr'><strong>aarum</strong></span> <span class='ocrx_word' id='word_1_32' title='bbox 1003 1374 1007 1452; x_wconf 75' lang='grc' dir='ltr'>Ι</span> <span class='ocrx_word' id='word_1_33' title='bbox 1020 1388 1108 1451; x_wconf 90' lang='lat' dir='ltr'><strong>quae</strong></span> <span class='ocrx_word' id='word_1_34' title='bbox 1121 1365 1158 1430; x_wconf 89' lang='lat' dir='ltr'><strong>in</strong></span> <span class='ocrx_word' id='word_1_35' title='bbox 1170 1371 1295 1431; x_wconf 88' lang='lat' dir='ltr'><strong>natura</strong></span> <span class='ocrx_word' id='word_1_36' title='bbox 1312 1371 1393 1432; x_wconf 89' lang='lat' dir='ltr'><strong>sunt</strong></span> <span class='ocrx_word' id='word_1_37' title='bbox 1417 1371 1487 1435; x_wconf 78' lang='lat'><strong>23</strong></span> 
     </span>
     <span class='ocr_line' id='line_1_7' title="bbox 250 1491 1394 1579; baseline -0.003 -19"><span class='ocrx_word' id='word_1_38' title='bbox 250 1496 361 1561; x_wconf 88' lang='lat' dir='ltr'><strong>Moses</strong></span> <span class='ocrx_word' id='word_1_39' title='bbox 374 1494 578 1576; x_wconf 66' lang='lat' dir='ltr'><strong>introdusit,</strong></span> <span class='ocrx_word' id='word_1_40' title='bbox 592 1493 729 1578; x_wconf 86' lang='lat' dir='ltr'><strong>quando</strong></span> <span class='ocrx_word' id='word_1_41' title='bbox 741 1491 1009 1579; x_wconf 87' lang='lat' dir='ltr'><strong>primogenitam</strong></span> <span class='ocrx_word' id='word_1_42' title='bbox 1021 1491 1220 1579; x_wconf 88' lang='lat' dir='ltr'><strong>appellavit,</strong></span> <span class='ocrx_word' id='word_1_43' title='bbox 1230 1492 1293 1558; x_wconf 91' lang='lat' dir='ltr'><strong>ubi</strong></span> <span class='ocrx_word' id='word_1_44' title='bbox 1304 1514 1394 1556; x_wconf 88' lang='lat' dir='ltr'><strong>crea·</strong></span> 
     </span>
     <span class='ocr_line' id='line_1_8' title="bbox 251 1616 1393 1707; baseline -0.004 -21"><span class='ocrx_word' id='word_1_45' title='bbox 251 1624 406 1687; x_wconf 88' lang='lat' dir='ltr'><strong>turarum</strong></span> <span class='ocrx_word' id='word_1_46' title='bbox 417 1620 546 1707; x_wconf 88' lang='lat' dir='ltr'><strong>species</strong></span> <span class='ocrx_word' id='word_1_47' title='bbox 556 1619 881 1705; x_wconf 84' lang='lat' dir='ltr'><strong>distinguens(quae</strong></span> <span class='ocrx_word' id='word_1_48' title='bbox 889 1618 1006 1683; x_wconf 89' lang='lat' dir='ltr'><strong>nonde</strong></span> <span class='ocrx_word' id='word_1_49' title='bbox 1016 1641 1142 1705; x_wconf 86' lang='lat' dir='ltr'><strong>genere</strong></span> <span class='ocrx_word' id='word_1_50' title='bbox 1154 1616 1393 1700; x_wconf 84' lang='lat' dir='ltr'><strong>accidentium,</strong></span> 
     </span>
     <span class='ocr_line' id='line_1_9' title="bbox 251 1743 1393 1832; baseline -0.004 -21"><span class='ocrx_word' id='word_1_51' title='bbox 251 1746 310 1811; x_wconf 87' lang='lat' dir='ltr'><strong>sed</strong></span> <span class='ocrx_word' id='word_1_52' title='bbox 329 1747 542 1812; x_wconf 86' lang='lat' dir='ltr'><strong>substantiae</strong></span> <span class='ocrx_word' id='word_1_53' title='bbox 562 1745 758 1832; x_wconf 86' lang='lat' dir='ltr'><strong>capiuntur)</strong></span> <span class='ocrx_word' id='word_1_54' title='bbox 778 1766 847 1809; x_wconf 91' lang='lat' dir='ltr'><strong>non</strong></span> <span class='ocrx_word' id='word_1_55' title='bbox 871 1744 971 1810; x_wconf 89' lang='lat' dir='ltr'><strong>modo</strong></span> <span class='ocrx_word' id='word_1_56' title='bbox 991 1766 1066 1809; x_wconf 88' lang='lat' dir='ltr'><strong>eam</strong></span> <span class='ocrx_word' id='word_1_57' title='bbox 1090 1743 1320 1809; x_wconf 87' lang='lat' dir='ltr'><strong>substantiam</strong></span> <span class='ocrx_word' id='word_1_58' title='bbox 1339 1766 1393 1808; x_wconf 91' lang='lat' dir='ltr'><strong>ao·</strong></span> 
     </span>
     <span class='ocr_line' id='line_1_10' title="bbox 252 1868 1394 1958; baseline -0.001 -24"><span class='ocrx_word' id='word_1_59' title='bbox 252 1871 357 1958; x_wconf 80' lang='lat' dir='ltr'><strong>cepit,</strong></span> <span class='ocrx_word' id='word_1_60' title='bbox 374 1871 432 1936; x_wconf 87' lang='lat' dir='ltr'><strong>sed</strong></span> <span class='ocrx_word' id='word_1_61' title='bbox 456 1871 561 1936; x_wconf 88' lang='lat' dir='ltr'><strong>etiam</strong></span> <span class='ocrx_word' id='word_1_62' title='bbox 579 1870 727 1956; x_wconf 87' lang='lat' dir='ltr'><strong>primam</strong></span> <span class='ocrx_word' id='word_1_63' title='bbox 747 1892 767 1934; x_wconf 87' lang='lat' dir='ltr'><strong>a</strong></span> <span class='ocrx_word' id='word_1_64' title='bbox 787 1869 883 1934; x_wconf 89' lang='lat' dir='ltr'><strong>cuius</strong></span> <span class='ocrx_word' id='word_1_65' title='bbox 907 1891 979 1934; x_wconf 87' lang='lat' dir='ltr'><strong>esse</strong></span> <span class='ocrx_word' id='word_1_66' title='bbox 1003 1875 1157 1934; x_wconf 88' lang='lat' dir='ltr'><strong>caeterae</strong></span> <span class='ocrx_word' id='word_1_67' title='bbox 1180 1868 1394 1934; x_wconf 89' lang='lat' dir='ltr'><strong>substantiae</strong></span> 
     </span>
     <span class='ocr_line' id='line_1_11' title="bbox 188 1993 1393 2081; baseline -0.003 -21"><span class='ocrx_word' id='word_1_68' title='bbox 188 1997 229 2060; x_wconf 81' lang='lat'><strong>10</strong></span> <span class='ocrx_word' id='word_1_69' title='bbox 252 1996 380 2081; x_wconf 88' lang='lat' dir='ltr'><strong>species</strong></span> <span class='ocrx_word' id='word_1_70' title='bbox 399 2003 567 2081; x_wconf 84' lang='lat' dir='ltr'><strong>tanquam</strong></span> <span class='ocrx_word' id='word_1_71' title='bbox 587 1995 777 2061; x_wconf 88' lang='lat' dir='ltr'><strong>accidentia</strong></span> <span class='ocrx_word' id='word_1_72' title='bbox 797 1993 1049 2080; x_wconf 87' lang='lat' dir='ltr'><strong>concipiuntur.</strong></span> <span class='ocrx_word' id='word_1_73' title='bbox 1066 1993 1183 2058; x_wconf 91' lang='lat' dir='ltr'><strong>Primo</strong></span> <span class='ocrx_word' id='word_1_74' title='bbox 1208 1993 1300 2058; x_wconf 91' lang='lat' dir='ltr'><strong>enim</strong></span> <span class='ocrx_word' id='word_1_75' title='bbox 1319 2000 1393 2057; x_wconf 91' lang='lat' dir='ltr'><strong>tum</strong></span> 
     </span>
     <span class='ocr_line' id='line_1_12' title="bbox 251 2118 1393 2207; baseline -0.002 -23"><span class='ocrx_word' id='word_1_76' title='bbox 251 2121 288 2184; x_wconf 92' lang='lat' dir='ltr'><strong>in</strong></span> <span class='ocrx_word' id='word_1_77' title='bbox 306 2121 481 2187; x_wconf 87' lang='lat' dir='ltr'><strong>volumine</strong></span> <span class='ocrx_word' id='word_1_78' title='bbox 511 2120 616 2186; x_wconf 84' lang='lat' dir='ltr'><strong>Musis</strong></span> <span class='ocrx_word' id='word_1_79' title='bbox 636 2120 709 2204; x_wconf 89' lang='lat' dir='ltr'><strong>illo,</strong></span> <span class='ocrx_word' id='word_1_80' title='bbox 728 2128 804 2186; x_wconf 89' lang='lat' dir='ltr'><strong>tum</strong></span> <span class='ocrx_word' id='word_1_81' title='bbox 823 2128 858 2185; x_wconf 89' lang='lat' dir='ltr'><strong>et</strong></span> <span class='ocrx_word' id='word_1_82' title='bbox 885 2120 1049 2186; x_wconf 76' lang='lat' dir='ltr'><strong>Mercurii</strong></span> <span class='ocrx_word' id='word_1_83' title='bbox 1072 2118 1284 2207; x_wconf 84' lang='lat' dir='ltr'><strong>Pymandro‚</strong></span> <span class='ocrx_word' id='word_1_84' title='bbox 1314 2125 1393 2205; x_wconf 91' lang='lat' dir='ltr'><strong>post</strong></span> 
     </span>
     <span class='ocr_line' id='line_1_13' title="bbox 251 2243 1392 2332; baseline -0.003 -21"><span class='ocrx_word' id='word_1_85' title='bbox 251 2246 464 2332; x_wconf 89' lang='lat' dir='ltr'><strong>suppositam</strong></span> <span class='ocrx_word' id='word_1_86' title='bbox 487 2245 645 2311; x_wconf 89' lang='lat' dir='ltr'><strong>umbram</strong></span> <span class='ocrx_word' id='word_1_87' title='bbox 664 2245 842 2331; x_wconf 86' lang='lat' dir='ltr'><strong>ingentem</strong></span> <span class='ocrx_word' id='word_1_88' title='bbox 865 2245 961 2311; x_wconf 90' lang='lat' dir='ltr'><strong>illam</strong></span> <span class='ocrx_word' id='word_1_89' title='bbox 986 2253 1090 2332; x_wconf 88' lang='lat' dir='ltr'><strong>atque</strong></span> <span class='ocrx_word' id='word_1_90' title='bbox 1113 2243 1322 2332; x_wconf 79' lang='lat' dir='ltr'><strong>privationis</strong></span> <span class='ocrx_word' id='word_1_91' title='bbox 1341 2248 1392 2308; x_wconf 91' lang='lat' dir='ltr'><strong>te-</strong></span> 
     </span>
     <span class='ocr_line' id='line_1_14' title="bbox 249 2370 792 2454; baseline 0.002 -19"><span class='ocrx_word' id='word_1_92' title='bbox 249 2370 387 2454; x_wconf 85' lang='lat' dir='ltr'><strong>nebras,</strong></span> <span class='ocrx_word' id='word_1_93' title='bbox 405 2370 494 2435; x_wconf 81' lang='lat' dir='ltr'><strong>dixit</strong></span> <span class='ocrx_word' id='word_1_94' title='bbox 512 2371 619 2436; x_wconf 90' lang='lat' dir='ltr'><strong>Deus:</strong></span> <span class='ocrx_word' id='word_1_95' title='bbox 640 2371 701 2436; x_wconf 88' lang='lat' dir='ltr'><strong>fiat</strong></span> <span class='ocrx_word' id='word_1_96' title='bbox 723 2372 792 2436; x_wconf 87' lang='lat' dir='ltr'><strong>lux.</strong></span> 
     </span>
    </p>
   </div>
   <div class='ocr_carea' id='block_1_5' title="bbox 338 2482 1392 2586">
    <p class='ocr_par' dir='ltr' id='par_1_5' title="bbox 338 2482 1392 2586">
     <span class='ocr_line' id='line_1_15' title="bbox 338 2482 1392 2586; baseline 0.001 -27"><span class='ocrx_word' id='word_1_97' title='bbox 338 2494 424 2560; x_wconf 89' lang='lat' dir='ltr'><strong>Inde</strong></span> <span class='ocrx_word' id='word_1_98' title='bbox 440 2518 482 2560; x_wconf 82' lang='lat' dir='ltr'><strong>ex</strong></span> <span class='ocrx_word' id='word_1_99' title='bbox 494 2495 580 2586; x_wconf 81' lang='lat' dir='ltr'><strong>lucis</strong></span> <span class='ocrx_word' id='word_1_100' title='bbox 596 2482 699 2580; x_wconf 85' lang='lat' dir='ltr'><strong>atque</strong></span> <span class='ocrx_word' id='word_1_101' title='bbox 715 2496 946 2578; x_wconf 86' lang='lat' dir='ltr'><strong>tenebrarum,</strong></span> <span class='ocrx_word' id='word_1_102' title='bbox 965 2502 1132 2582; x_wconf 88' lang='lat' dir='ltr'><strong>tanquam</strong></span> <span class='ocrx_word' id='word_1_103' title='bbox 1143 2495 1274 2562; x_wconf 84' lang='lat' dir='ltr'><strong>formae</strong></span> <span class='ocrx_word' id='word_1_104' title='bbox 1287 2502 1392 2582; x_wconf 88' lang='lat' dir='ltr'><strong>atque</strong></span> 
     </span>
    </p>
   </div>
   <div class='ocr_carea' id='block_1_6' title="bbox 181 2620 1394 4341">
    <p class='ocr_par' dir='ltr' id='par_1_6' title="bbox 183 2620 1394 3841">
     <span class='ocr_line' id='line_1_16' title="bbox 187 2620 1394 2708; baseline 0.002 -24"><span class='ocrx_word' id='word_1_105' title='bbox 187 2622 228 2684; x_wconf 78' lang='lat' dir='ltr'><strong>lo</strong></span> <span class='ocrx_word' id='word_1_106' title='bbox 253 2621 425 2703; x_wconf 86' lang='lat' dir='ltr'><strong>materiae,</strong></span> <span class='ocrx_word' id='word_1_107' title='bbox 437 2643 604 2685; x_wconf 83' lang='lat' dir='ltr'><strong>concursu</strong></span> <span class='ocrx_word' id='word_1_108' title='bbox 614 2620 719 2686; x_wconf 83' lang='lat' dir='ltr'><strong>variis</strong></span> <span class='ocrx_word' id='word_1_109' title='bbox 731 2644 793 2707; x_wconf 89' lang='lat' dir='ltr'><strong>pro</strong></span> <span class='ocrx_word' id='word_1_110' title='bbox 809 2621 974 2706; x_wconf 82' lang='lat' dir='ltr'><strong>gradibus</strong></span> <span class='ocrx_word' id='word_1_111' title='bbox 991 2628 1095 2708; x_wconf 85' lang='lat' dir='ltr'><strong>atque</strong></span> <span class='ocrx_word' id='word_1_112' title='bbox 1105 2622 1274 2688; x_wconf 89' lang='lat' dir='ltr'><strong>mensuris</strong></span> <span class='ocrx_word' id='word_1_113' title='bbox 1286 2623 1394 2688; x_wconf 87' lang='lat' dir='ltr'><strong>oonsi-</strong></span> 
     </span>
     <span class='ocr_line' id='line_1_17' title="bbox 249 2746 1394 2833; baseline 0.004 -23"><span class='ocrx_word' id='word_1_114' title='bbox 249 2748 414 2811; x_wconf 87' lang='lat' dir='ltr'><strong>stentium</strong></span> <span class='ocrx_word' id='word_1_115' title='bbox 426 2746 464 2810; x_wconf 91' lang='lat' dir='ltr'><strong>in</strong></span> <span class='ocrx_word' id='word_1_116' title='bbox 475 2768 590 2811; x_wconf 88' lang='lat' dir='ltr'><strong>rerum</strong></span> <span class='ocrx_word' id='word_1_117' title='bbox 601 2746 849 2832; x_wconf 81' lang='lat' dir='ltr'><strong>compositione</strong></span> <span class='ocrx_word' id='word_1_118' title='bbox 864 2747 1039 2812; x_wconf 88' lang='lat' dir='ltr'><strong>variarum</strong></span> <span class='ocrx_word' id='word_1_119' title='bbox 1049 2748 1254 2833; x_wconf 87' lang='lat' dir='ltr'><strong>usqueadeo</strong></span> <span class='ocrx_word' id='word_1_120' title='bbox 1270 2748 1394 2815; x_wconf 89' lang='lat' dir='ltr'><strong>multa·</strong></span> 
     </span>
     <span class='ocr_line' id='line_1_18' title="bbox 249 2871 1392 2964; baseline 0.004 -28"><span class='ocrx_word' id='word_1_121' title='bbox 249 2894 325 2936; x_wconf 89' lang='lat' dir='ltr'><strong>rum</strong></span> <span class='ocrx_word' id='word_1_122' title='bbox 345 2871 533 2959; x_wconf 87' lang='lat' dir='ltr'><strong>specierum</strong></span> <span class='ocrx_word' id='word_1_123' title='bbox 552 2893 727 2964; x_wconf 82' lang='lat' dir='ltr'><strong>numerus,</strong></span> <span class='ocrx_word' id='word_1_124' title='bbox 748 2871 784 2935; x_wconf 91' lang='lat' dir='ltr'><strong>in</strong></span> <span class='ocrx_word' id='word_1_125' title='bbox 802 2871 927 2956; x_wconf 89' lang='lat' dir='ltr'><strong>quibus</strong></span> <span class='ocrx_word' id='word_1_126' title='bbox 943 2872 1004 2938; x_wconf 90' lang='lat' dir='ltr'><strong>ubi</strong></span> <span class='ocrx_word' id='word_1_127' title='bbox 1019 2873 1098 2960; x_wconf 87' lang='lat' dir='ltr'><strong>plus</strong></span> <span class='ocrx_word' id='word_1_128' title='bbox 1113 2874 1215 2957; x_wconf 82' lang='lat' dir='ltr'><strong>lucis,</strong></span> <span class='ocrx_word' id='word_1_129' title='bbox 1232 2874 1293 2940; x_wconf 91' lang='lat' dir='ltr'><strong>ubi</strong></span> <span class='ocrx_word' id='word_1_130' title='bbox 1312 2874 1392 2961; x_wconf 86' lang='lat' dir='ltr'><strong>plus</strong></span> 
     </span>
     <span class='ocr_line' id='line_1_19' title="bbox 249 2996 1392 3083; baseline 0.002 -22"><span class='ocrx_word' id='word_1_131' title='bbox 249 2997 392 3061; x_wconf 89' lang='lat' dir='ltr'><strong>umbrae</strong></span> <span class='ocrx_word' id='word_1_132' title='bbox 408 2996 615 3083; x_wconf 82' lang='lat' dir='ltr'><strong>concipitur,</strong></span> <span class='ocrx_word' id='word_1_133' title='bbox 638 3006 887 3082; x_wconf 87' lang='lat' dir='ltr'><strong>processerunt.</strong></span> <span class='ocrx_word' id='word_1_134' title='bbox 907 2997 971 3062; x_wconf 88' lang='lat' dir='ltr'><strong>Isti</strong></span> <span class='ocrx_word' id='word_1_135' title='bbox 996 2997 1135 3082; x_wconf 89' lang='lat' dir='ltr'><strong>quidem</strong></span> <span class='ocrx_word' id='word_1_136' title='bbox 1152 2998 1213 3063; x_wconf 81' lang='lat' dir='ltr'><strong>lux</strong></span> <span class='ocrx_word' id='word_1_137' title='bbox 1232 2999 1392 3066; x_wconf 86' lang='lat' dir='ltr'><strong>substan·</strong></span> 
     </span>
     <span class='ocr_line' id='line_1_20' title="bbox 250 3120 1393 3211; baseline 0.005 -27"><span class='ocrx_word' id='word_1_138' title='bbox 250 3122 300 3186; x_wconf 90' lang='lat' dir='ltr'><strong>tia</strong></span> <span class='ocrx_word' id='word_1_139' title='bbox 312 3120 482 3205; x_wconf 85' lang='lat' dir='ltr'><strong>quaedam</strong></span> <span class='ocrx_word' id='word_1_140' title='bbox 493 3143 554 3207; x_wconf 87' lang='lat' dir='ltr'><strong>per</strong></span> <span class='ocrx_word' id='word_1_141' title='bbox 566 3144 601 3186; x_wconf 89' lang='lat' dir='ltr'><strong>se</strong></span> <span class='ocrx_word' id='word_1_142' title='bbox 620 3121 820 3205; x_wconf 82' lang='lat' dir='ltr'><strong>invisibilis,</strong></span> <span class='ocrx_word' id='word_1_143' title='bbox 832 3145 893 3208; x_wconf 89' lang='lat' dir='ltr'><strong>per</strong></span> <span class='ocrx_word' id='word_1_144' title='bbox 906 3122 1112 3189; x_wconf 89' lang='lat' dir='ltr'><strong>immensum</strong></span> <span class='ocrx_word' id='word_1_145' title='bbox 1125 3123 1265 3207; x_wconf 86' lang='lat' dir='ltr'><strong>diffusa,</strong></span> <span class='ocrx_word' id='word_1_146' title='bbox 1284 3125 1393 3211; x_wconf 89' lang='lat' dir='ltr'><strong>parti-</strong></span> 
     </span>
     <span class='ocr_line' id='line_1_21' title="bbox 183 3242 1390 3336; baseline 0.008 -31"><span class='ocrx_word' id='word_1_147' title='bbox 183 3242 227 3305; x_wconf 75' lang='grc'><strong>20</strong></span> <span class='ocrx_word' id='word_1_148' title='bbox 252 3244 381 3328; x_wconf 89' lang='lat' dir='ltr'><strong>busque</strong></span> <span class='ocrx_word' id='word_1_149' title='bbox 394 3245 553 3311; x_wconf 88' lang='lat' dir='ltr'><strong>omnibus</strong></span> <span class='ocrx_word' id='word_1_150' title='bbox 564 3247 684 3328; x_wconf 80' lang='lat' dir='ltr'><strong>insita3</strong></span> <span class='ocrx_word' id='word_1_151' title='bbox 697 3270 785 3332; x_wconf 89' lang='lat' dir='ltr'><strong>quae</strong></span> <span class='ocrx_word' id='word_1_152' title='bbox 798 3247 1042 3313; x_wconf 84' lang='lat' dir='ltr'><strong>commixtione</strong></span> <span class='ocrx_word' id='word_1_153' title='bbox 1053 3248 1274 3315; x_wconf 89' lang='lat' dir='ltr'><strong>tenebrarum</strong></span> <span class='ocrx_word' id='word_1_154' title='bbox 1285 3256 1390 3336; x_wconf 85' lang='lat' dir='ltr'><strong>atque</strong></span> 
     </span>
     <span class='ocr_line' id='line_1_22' title="bbox 250 3370 1392 3458; baseline 0.006 -24"><span class='ocrx_word' id='word_1_155' title='bbox 250 3370 475 3435; x_wconf 85' lang='lat' dir='ltr'><strong>associatione</strong></span> <span class='ocrx_word' id='word_1_156' title='bbox 500 3371 813 3458; x_wconf 86' lang='lat' dir='ltr'><strong>compositioneque</strong></span> <span class='ocrx_word' id='word_1_157' title='bbox 834 3380 927 3437; x_wconf 88' lang='lat' dir='ltr'><strong>certa</strong></span> <span class='ocrx_word' id='word_1_158' title='bbox 943 3372 981 3437; x_wconf 88' lang='lat' dir='ltr'><strong>in</strong></span> <span class='ocrx_word' id='word_1_159' title='bbox 996 3373 1109 3438; x_wconf 86' lang='lat' dir='ltr'><strong>lucem</strong></span> <span class='ocrx_word' id='word_1_160' title='bbox 1125 3374 1323 3440; x_wconf 87' lang='lat' dir='ltr'><strong>sensibilem</strong></span> <span class='ocrx_word' id='word_1_161' title='bbox 1339 3374 1392 3441; x_wconf 85' lang='lat' dir='ltr'><strong>de</strong></span> 
     </span>
     <span class='ocr_line' id='line_1_23' title="bbox 250 3494 1388 3585; baseline 0.009 -28"><span class='ocrx_word' id='word_1_162' title='bbox 250 3495 386 3579; x_wconf 85' lang='lat' dir='ltr'><strong>migrat.</strong></span> <span class='ocrx_word' id='word_1_163' title='bbox 411 3494 512 3561; x_wconf 85' lang='lat' dir='ltr'><strong>Unde</strong></span> <span class='ocrx_word' id='word_1_164' title='bbox 532 3501 659 3560; x_wconf 88' lang='lat' dir='ltr'><strong>temere</strong></span> <span class='ocrx_word' id='word_1_165' title='bbox 676 3497 817 3580; x_wconf 86' lang='lat' dir='ltr'><strong>quidam</strong></span> <span class='ocrx_word' id='word_1_166' title='bbox 835 3520 905 3562; x_wconf 91' lang='lat' dir='ltr'><strong>non</strong></span> <span class='ocrx_word' id='word_1_167' title='bbox 924 3498 1147 3585; x_wconf 80' lang='lat' dir='ltr'><strong>distinguunt</strong></span> <span class='ocrx_word' id='word_1_168' title='bbox 1166 3500 1257 3566; x_wconf 90' lang='lat' dir='ltr'><strong>inter</strong></span> <span class='ocrx_word' id='word_1_169' title='bbox 1276 3501 1388 3567; x_wconf 91' lang='lat' dir='ltr'><strong>lucem</strong></span> 
     </span>
     <span class='ocr_line' id='line_1_24' title="bbox 248 3619 1388 3711; baseline 0.009 -27"><span class='ocrx_word' id='word_1_170' title='bbox 248 3619 517 3707; x_wconf 85' lang='lat' dir='ltr'><strong>primogenitam</strong></span> <span class='ocrx_word' id='word_1_171' title='bbox 537 3627 639 3705; x_wconf 88' lang='lat' dir='ltr'><strong>atquc</strong></span> <span class='ocrx_word' id='word_1_172' title='bbox 663 3621 779 3705; x_wconf 88' lang='lat' dir='ltr'><strong>solem,</strong></span> <span class='ocrx_word' id='word_1_173' title='bbox 800 3622 891 3687; x_wconf 90' lang='lat' dir='ltr'><strong>inter</strong></span> <span class='ocrx_word' id='word_1_174' title='bbox 909 3623 1102 3711; x_wconf 88' lang='lat' dir='ltr'><strong>simplicem</strong></span> <span class='ocrx_word' id='word_1_175' title='bbox 1126 3626 1288 3693; x_wconf 85' lang='lat' dir='ltr'><strong>videlicet</strong></span> <span class='ocrx_word' id='word_1_176' title='bbox 1308 3630 1388 3694; x_wconf 90' lang='lat' dir='ltr'><strong>sub·</strong></span> 
     </span>
     <span class='ocr_line' id='line_1_25' title="bbox 249 3744 1392 3841; baseline 0.009 -32"><span class='ocrx_word' id='word_1_177' title='bbox 249 3744 414 3809; x_wconf 88' lang='lat' dir='ltr'><strong>stantiam</strong></span> <span class='ocrx_word' id='word_1_178' title='bbox 434 3751 536 3828; x_wconf 87' lang='lat' dir='ltr'><strong>atque</strong></span> <span class='ocrx_word' id='word_1_179' title='bbox 561 3746 785 3832; x_wconf 85' lang='lat' dir='ltr'><strong>compositam</strong></span> <span class='ocrx_word' id='word_1_180' title='bbox 800 3747 913 3832; x_wconf 81' lang='lat' dir='ltr'><strong>illam,</strong></span> <span class='ocrx_word' id='word_1_181' title='bbox 934 3749 1025 3813; x_wconf 89' lang='lat' dir='ltr'><strong>inter</strong></span> <span class='ocrx_word' id='word_1_182' title='bbox 1049 3772 1134 3837; x_wconf 89' lang='lat' dir='ltr'><strong>opus</strong></span> <span class='ocrx_word' id='word_1_183' title='bbox 1158 3751 1303 3838; x_wconf 92' lang='lat' dir='ltr'><strong>inquam</strong></span> <span class='ocrx_word' id='word_1_184' title='bbox 1320 3754 1392 3841; x_wconf 90' lang='lat' dir='ltr'><strong>pri-</strong></span> 
     </span>
    </p>

    <p class='ocr_par' dir='ltr' id='par_1_7' title="bbox 181 3865 1392 4341">
     <span class='ocr_line' id='line_1_26' title="bbox 181 3865 708 3956; baseline 0 -22"><span class='ocrx_word' id='word_1_185' title='bbox 181 3865 225 3927; x_wconf 76' lang='grc'><strong>25</strong></span> <span class='ocrx_word' id='word_1_186' title='bbox 248 3893 324 3935; x_wconf 88' lang='lat' dir='ltr'><strong>mae</strong></span> <span class='ocrx_word' id='word_1_187' title='bbox 344 3879 449 3956; x_wconf 87' lang='lat' dir='ltr'><strong>atque</strong></span> <span class='ocrx_word' id='word_1_188' title='bbox 470 3876 612 3953; x_wconf 89' lang='lat' dir='ltr'><strong>quartae</strong></span> <span class='ocrx_word' id='word_1_189' title='bbox 631 3871 708 3936; x_wconf 84' lang='lat' dir='ltr'><strong>diei.</strong></span> 
     </span>
     <span class='ocr_line' id='line_1_27' title="bbox 337 3996 1392 4090; baseline 0.011 -31"><span class='ocrx_word' id='word_1_190' title='bbox 337 3996 413 4060; x_wconf 87' lang='lat' dir='ltr'><strong>Hac</strong></span> <span class='ocrx_word' id='word_1_191' title='bbox 430 3996 520 4079; x_wconf 84' lang='lat' dir='ltr'><strong>lucc,</strong></span> <span class='ocrx_word' id='word_1_192' title='bbox 541 4018 628 4080; x_wconf 88' lang='lat' dir='ltr'><strong>quae</strong></span> <span class='ocrx_word' id='word_1_193' title='bbox 647 3996 842 4062; x_wconf 90' lang='lat' dir='ltr'><strong>substantia</strong></span> <span class='ocrx_word' id='word_1_194' title='bbox 866 3999 1033 4084; x_wconf 83' lang='lat' dir='ltr'><strong>quaedam</strong></span> <span class='ocrx_word' id='word_1_195' title='bbox 1057 4001 1249 4088; x_wconf 85' lang='lat' dir='ltr'><strong>spiritualis</strong></span> <span class='ocrx_word' id='word_1_196' title='bbox 1273 4013 1338 4090; x_wconf 84' lang='lat' dir='ltr'><strong>est,</strong></span> <span class='ocrx_word' id='word_1_197' title='bbox 1358 4014 1392 4070; x_wconf 88' lang='lat' dir='ltr'><strong>et</strong></span> 
     </span>
     <span class='ocr_line' id='line_1_28' title="bbox 247 4119 1391 4207; baseline 0.01 -22"><span class='ocrx_word' id='word_1_198' title='bbox 247 4120 343 4185; x_wconf 89' lang='lat' dir='ltr'><strong>nullo</strong></span> <span class='ocrx_word' id='word_1_199' title='bbox 363 4119 499 4187; x_wconf 87' lang='lat' dir='ltr'><strong>lucente</strong></span> <span class='ocrx_word' id='word_1_200' title='bbox 517 4119 587 4184; x_wconf 89' lang='lat' dir='ltr'><strong>solo</strong></span> <span class='ocrx_word' id='word_1_201' title='bbox 605 4122 660 4186; x_wconf 93' lang='lat' dir='ltr'><strong>vel</strong></span> <span class='ocrx_word' id='word_1_202' title='bbox 676 4120 757 4207; x_wconf 86' lang='lat' dir='ltr'><strong>igne</strong></span> <span class='ocrx_word' id='word_1_203' title='bbox 773 4122 829 4187; x_wconf 91' lang='lat' dir='ltr'><strong>vel</strong></span> <span class='ocrx_word' id='word_1_204' title='bbox 849 4123 982 4190; x_wconf 89' lang='lat' dir='ltr'><strong>obiecto</strong></span> <span class='ocrx_word' id='word_1_205' title='bbox 1000 4126 1212 4194; x_wconf 84' lang='lat' dir='ltr'><strong>extrinsecus</strong></span> <span class='ocrx_word' id='word_1_206' title='bbox 1229 4152 1391 4197; x_wconf 84' lang='lat' dir='ltr'><strong>sensuum</strong></span> 
     </span>
     <span class='ocr_line' id='line_1_29' title="bbox 247 4244 1391 4341; baseline 0.013 -33"><span class='ocrx_word' id='word_1_207' title='bbox 247 4253 443 4309; x_wconf 88' lang='lat' dir='ltr'><strong>nostrorum</strong></span> <span class='ocrx_word' id='word_1_208' title='bbox 474 4244 665 4331; x_wconf 88' lang='lat' dir='ltr'><strong>potentiam</strong></span> <span class='ocrx_word' id='word_1_209' title='bbox 695 4244 905 4312; x_wconf 80' lang='lat' dir='ltr'><strong>informante</strong></span> <span class='ocrx_word' id='word_1_210' title='bbox 934 4248 1062 4316; x_wconf 88' lang='lat' dir='ltr'><strong>donata</strong></span> <span class='ocrx_word' id='word_1_211' title='bbox 1090 4260 1142 4318; x_wconf 90' lang='lat' dir='ltr'><strong>est</strong></span> <span class='ocrx_word' id='word_1_212' title='bbox 1171 4255 1300 4341; x_wconf 77' lang='lat' dir='ltr'><strong>anima,</strong></span> <span class='ocrx_word' id='word_1_213' title='bbox 1320 4279 1391 4322; x_wconf 92' lang='lat' dir='ltr'><strong>non</strong></span> 
     </span>
    </p>
   </div>
   <div class='ocr_carea' id='block_1_7' title="bbox 341 4441 1184 4503">
    <p class='ocr_par' dir='ltr' id='par_1_8' title="bbox 341 4441 1184 4503">
     <span class='ocr_line' id='line_1_30' title="bbox 341 4441 1184 4503; baseline 0.014 -13"><span class='ocrx_word' id='word_1_214' title='bbox 341 4443 370 4490; x_wconf 90' lang='lat' dir='ltr'><strong>ll</strong></span> <span class='ocrx_word' id='word_1_215' title='bbox 388 4442 406 4489; x_wconf 81' lang='lat' dir='ltr'><strong>l.</strong></span> <span class='ocrx_word' id='word_1_216' title='bbox 424 4441 601 4491; x_wconf 87' lang='lat' dir='ltr'><strong>Poemandro</strong></span> <span class='ocrx_word' id='word_1_217' title='bbox 665 4443 697 4493; x_wconf 82' lang='lat'><strong>20</strong></span> <span class='ocrx_word' id='word_1_218' title='bbox 712 4444 911 4496; x_wconf 85' lang='lat' dir='ltr'><strong>commistione</strong></span> <span class='ocrx_word' id='word_1_219' title='bbox 974 4448 1004 4497; x_wconf 85' lang='lat'><strong>21</strong></span> <span class='ocrx_word' id='word_1_220' title='bbox 1021 4450 1184 4503; x_wconf 84' lang='lat' dir='ltr'><strong>senfibilem</strong></span> 
     </span>
    </p>
   </div>
   <div class='ocr_carea' id='block_1_8' title="bbox 0 0 1700 5122">
    <p class='ocr_par' dir='ltr' id='par_1_9' title="bbox 0 0 1700 5122">
     <span class='ocr_line' id='line_1_31' title="bbox 0 0 1700 5122; baseline 0 1"><span class='ocrx_word' id='word_1_221' title='bbox 0 0 1700 5122; x_wconf 95' lang='lat' dir='ltr'><strong> </strong></span> 
     </span>
    </p>
   </div>
  </div>
 </body>
</html>
