3390 5122
313 419 374 479 280
754 434 895 479 munim
915 433 1018 479 savin

403 607 420 653 a
447 592 588 658 Minnax
612 593 755 660 Veneris
776 594 924 680 effigiem
944 617 1003 660 seu
1026 595 1150 661 Florae
1174 594 1211 660 in
1233 617 1353 681 campo
1374 595 1460 660 mul-

313 718 463 785 ticolore.

402 859 419 905 u
447 846 631 911 Mnaocrns
654 853 826 933 pastorem
845 845 970 911 lactem
986 846 1100 911 vultui
1115 846 1381 933 inspargentem.
1484 856 1587 920 1'?4

402 984 420 1032 a
446 972 623 1037 Nauninns
648 970 775 1036 Bacchi
803 977 920 1058 portat
947 971 1144 1058 imaginem.
1169 972 1324 1037 Eandem
1352 970 1457 1036 habet

269 1100 289 1163 ὃ
314 1121 417 1186 quam
436 1098 582 1165 Brontia
600 1098 756 1184 figuram.

403 1238 420 1284 a
447 1224 574 1289 Omana
598 1222 859 1289 Salamandram
875 1224 913 1288 in
932 1224 1021 1310 igne.

402 1364 419 1410 a
449 1351 609 1417 Pennana
633 1350 777 1416 Veneris
797 1350 994 1437 imaginem.

401 1491 419 1539 a
446 1479 595 1544 Pmnrrs
637 1476 806 1559 Lucinae,
846 1500 934 1563 quae
982 1477 1236 1564 parturientem
1279 1477 1456 1559 sublevat,

313 1604 468 1689 figuram.

248 1734 291 1796 10
403 1744 420 1792 r
446 1729 663 1797 Anacromvs
686 1730 832 1796 militem
850 1731 935 1818 galli
954 1738 1111 1796 ventrem
1135 1731 1392 1796 eviscerantem.

401 1870 419 1918 a
447 1856 516 1935 Qui
535 1856 673 1924 noverit
691 1856 860 1923 rationem
880 1880 948 1942 qua
966 1881 1007 1922 ex
1026 1857 1198 1923 <lictorum
1222 1855 1259 1921 in
1283 1856 1395 1942 primo
1419 1855 1459 1919 ii-

256 2059 258 2062 ,
316 1982 379 2049 bro
398 1983 631 2070 intelligentia
649 1982 714 2048 hae
733 1984 926 2069 figurentur
948 2006 1117 2069 gemmae,
1139 1983 1299 2047 omnibus
1323 1988 1361 2047 ut
1382 2003 1458 2068 pro-

315 2107 402 2194 priis
422 2109 575 2195 reliquae
593 2108 830 2196 insignientur
846 2107 1057 2193 imaginibus
1077 2130 1147 2173 non
1166 2107 1352 2192 ignorabit.

768 2482 920 2549 CAPV'P
956 2484 1000 2547 ΙΙ.

660 2669 736 2718 lunago
749 2668 815 2718 primi
830 2668 906 2716 sigilli.
922 2667 1011 2707 arianus
1026 2668 1116 2707 Themi.

405 2948 497 3015 Ordo
517 2949 593 3014 heic
613 2948 798 3014 secundum
819 2970 924 3013 unam
942 2947 1200 3013 dimensionem.

402 3188 534 3254 Discite
558 3211 577 3254 o
602 3212 663 3254 vos
683 3190 849 3276 primum,
870 3190 995 3275 quibus
1019 3199 1071 3255 est
1095 3190 1175 3256 data
1197 3215 1277 3257 cura
1301 3191 1458 3275 docendi,

314 3315 431 3399 Atque
450 3313 565 3378 oculos
584 3314 738 3379 tabulam
759 3314 886 3379 intenti
907 3317 1097 3380 convertite
1117 3316 1161 3380 ad
1176 3317 1294 3399 istam,

313 3440 474 3505 Efficiens
494 3439 591 3505 cuius
611 3441 748 3525 seriem,
770 3440 855 3505 dans
875 3441 1131 3528 accipiensque,

247 3570 291 3632 ‘20
313 3565 430 3631 Factis
447 3573 507 3631 eut
528 3565 776 3648 intervenienS,
796 3566 980 3631 adstansve
1000 3567 1181 3632 subactum

313 3692 381 3757 Pro
400 3698 481 3756 voto
501 3691 642 3756 minime
660 3691 886 3757 frustrabitur
902 3692 944 3756 acl
965 3693 1188 3778 repetendum

314 3816 469 3899 Semina,
491 3839 577 3901 quae
597 3817 633 3880 in
652 3840 798 3882 vacuum
819 3839 940 3882 manus
960 3817 1033 3902 egit
1051 3819 1195 3904 provida
1213 3842 1381 3905 campum.

314 3954 331 4000 ’.Ι
357 3942 520 4027 Agricola
535 3949 586 4007 est
606 3949 730 4025 rastro,
751 3965 898 4024 vomere,
920 3950 953 4006 et
977 3942 1064 4008 falce
1081 3952 1184 4028 atque
1203 3944 1340 4029 ligone,

316 4066 423 4142 Quem
440 4068 595 4153 sequitur
615 4067 728 4133 studio
748 4068 857 4134 veluti
877 4076 1034 4133 consorte
1050 4069 1234 4133 Eubuleus.

247 4194 289 4257 25
313 4192 516 4279 Harpagata
536 4215 641 4258 manu
660 4193 846 4280 Caprarius
866 4193 1113 4279 adaequitatur.

409 4494 439 4543 17
456 4493 489 4544 0¹
504 4509 556 4543 uos
