3390 5122
225 375 265 432 58
665 385 805 428 muniar
826 383 928 426 nursi

226 567 325 609 scens
344 556 377 608 et
391 543 689 621 innotescendtun‚
702 556 739 606 ut
753 542 783 606 si
800 541 973 627 quispiam
986 539 1111 603 dixerit
1128 536 1369 619 substantiam,

228 670 325 735 cuius
344 669 473 756 species
502 686 552 733 est
584 668 702 751 homo,
722 680 902 752 tamquam
928 665 1090 731 animalis
1117 663 1297 750 proprium
1314 663 1370 727 rel

227 795 477 877 definitionem,
496 795 553 859 rel
573 797 625 858 12.
645 795 727 880 quia
751 816 819 879 qno
839 793 951 858 utitur
974 814 1085 876 neque
1113 806 1238 854 natura
1257 811 1369 873 neque
1395 798 1507 863 ’748
1521 797 1566 865 G

227 920 426 1005 cognitione
455 918 644 1007 praecedit,
673 919 770 984 cuius
789 940 926 1003 qnoque
950 939 1070 982 sensus
1089 915 1232 981 alterius
1260 914 1370 979 deela-

183 1047 205 1109 5
228 1044 328 1109 randi
345 1068 448 1111 sensu
465 1046 732 1128 concomitatur,
745 1062 779 1108 et
794 1044 892 1110 euius
911 1042 1129 1129 ignorantiae
1144 1040 1272 1128 positio
1289 1041 1372 1105 alte-

228 1169 299 1234 rius
323 1171 542 1257 ignorantiae
560 1172 767 1258 positionem
787 1170 1025 1256 consequitun
1042 1184 1079 1232 ut
1100 1168 1162 1252 qni
1177 1166 1371 1232 doctrinam

228 1297 492 1380 circumscribit,
513 1297 630 1362 dicens
650 1320 725 1362 eam
744 1321 816 1360 esse
840 1297 896 1361 cui
921 1295 1118 1381 ignorantia
1138 1294 1370 1378 maximopere

227 1422 424 1508 opponitur.
449 1422 681 1487 Duodecimus
705 1445 751 1486 an
778 1420 1053 1507 superfluitatem
1081 1419 1187 1484 allata
1212 1417 1368 1483 definitio

227 1548 282 1612 rel
304 1547 485 1634 proprium
503 1547 704 1613 admittant.
718 1547 812 1633 quod
825 1546 892 1611 erit
910 1562 972 1611 aut
993 1547 1022 1610 1.
1040 1545 1121 1630 quia
1137 1543 1370 1609 differentiam

163 1675 206 1737 10
228 1672 390 1738 adnectat
412 1675 533 1760 generi
559 1674 676 1757 talem,
696 1673 810 1758 qualis
828 1672 901 1737 rim
919 1671 1113 1736 nonhabet
1135 1685 1172 1734 ut
1189 1669 1234 1733 ab
1253 1668 1371 1753 aliquo

227 1810 397 1882 secernat,
410 1799 467 1863 rel
483 1800 513 1862 2.
527 1798 608 1883 quia
625 1799 783 1883 qtmmris
796 1799 842 1863 sit
855 1797 1034 1885 proprium
1047 1811 1151 1881 atque
1163 1794 1371 1860 contrahens·

227 1923 420 1987 subiectum
439 1923 477 1987 in
495 1923 653 2010 proprios
672 1926 758 1988 fines
781 1923 867 1988 illud
890 1922 983 2008 quod
1002 1920 1178 2002 adiicitur,
1197 1943 1236 1984 en
1254 1934 1370 1984 tamen

227 2048 382 2114 detracto
411 2049 638 2114 nihilominus
656 2049 803 2114 essentia
832 2049 887 2113 rel
907 2047 1103 2135 proprietas
1131 2046 1303 2111 declarata
1323 2069 1373 2111 re·

227 2181 312 2257 stat,
326 2174 381 2239 rel
398 2176 429 2238 3.
448 2174 529 2259 quia
546 2174 660 2260 aliqua
678 2174 919 2260 descriptionis
935 2172 1190 2238 definitionisre
1206 2195 1286 2259 pars
1301 2193 1373 2237 non

162 2298 204 2360 15
227 2299 269 2365 de
303 2300 486 2381 universis,
516 2323 604 2385 quae
628 2300 692 2365 sub
720 2300 864 2366 definito
894 2300 1132 2381 continentur,
1160 2299 1371 2383 verificatur,

229 2434 289 2490 aut
308 2426 339 2489 4„
364 2425 446 2509 quia
465 2425 653 2490 mriversali
673 2426 881 2512 particulare
902 2424 995 2490 illius
1014 2424 1242 2508 subnectitur,
1261 2434 1322 2489 aut
1340 2428 1371 2489 ὁ.

227 2551 310 2635 quia
327 2549 419 2615 idem
445 2551 509 2615 sub
539 2550 607 2614 alio
627 2550 767 2616 nomine
794 2550 965 2637 peridem
990 2573 1183 2636 synonyme
1213 2558 1368 2633 notatur,

226 2686 287 2741 ant
317 2677 348 2740 6.
383 2677 464 2763 quia
498 2677 680 2762 nugatorie
713 2676 865 2742 eiusdem
902 2677 963 2740 fiat
1002 2675 1167 2741 dictionis
1196 2676 1368 2763 repetitio

227 2800 477 2865 Tertiodecimo
501 2824 546 2866 an
570 2825 691 2867 manca
715 2803 761 2868 sit
784 2802 838 2867 rel
862 2801 1035 2867 diminuta
1060 2801 1273 2867 definitionis
1293 2824 1371 2889 pro·

160 2931 205 2995 ‘20
226 2926 431 3013 prietatisre
449 2926 582 3010 allatio,
602 2927 694 3012 quod
722 2928 788 2993 erit
806 2928 862 2993 rel
882 2930 911 2992 1.
932 2928 1015 3015 quia
1043 2951 1085 2992 ex
1113 2928 1236 3014 positis
1255 2927 1371 2992 termi-

226 3051 281 3116 nis
299 3051 343 3115 ab
362 3052 485 3117 alienis
504 3074 640 3138 quoquc
659 3052 703 3118 ad
722 3075 800 3117 suos
816 3074 888 3117 non
907 3072 958 3119 est
976 3053 1097 3118 adacta
1113 3053 1199 3118 fines
1215 3052 1369 3118 subiecta

227 3176 369 3262 specics,
383 3178 465 3263 quia
485 3178 646 3243 tidelicet
666 3200 736 3243 nou
753 3178 794 3243 de
806 3179 879 3244 sola
897 3178 1041 3261 dicitur,
1059 3178 1151 3263 quod
1165 3190 1216 3243 est
1236 3201 1371 3265 expres·

226 3325 317 3384 sum;
329 3301 411 3367 hinc
423 3303 515 3368 enim
531 3304 727 3369 differentia
743 3304 956 3391 intelligitur
967 3305 1243 3392 praejtermissa,
1263 3305 1319 3369 rel
1337 3306 1368 3368 2.
1394 3302 1465 3364 49
1480 3304 1525 3365 Ρ

227 3427 309 3510 quia
328 3451 405 3493 cum
424 3429 481 3493 rel
495 3453 557 3515 per
575 3453 610 3494 se
630 3430 684 3494 vel
703 3430 838 3496 ratione
862 3430 999 3517 generis
1022 3429 1065 3495 ad
1090 3429 1223 3514 aliquid
1246 3428 1372 3495 refera-

160 3562 204 3625 ‘25
227 3575 303 3636 rur,
323 3554 569 3620 correlativum
587 3569 705 3621 tamen
725 3557 819 3622 illius
838 3581 907 3623 nou
933 3556 1122 3638 indicatur,
1152 3555 1207 3620 rel
1226 3558 1256 3620 3.
1277 3556 1370 3640 quod

227 3700 307 3743 cum
326 3679 371 3743 sit
391 3679 571 3765 adfinem,
593 3704 663 3747 nou
681 3705 743 3769 per
761 3683 865 3748 finem
884 3682 1053 3770 aperitur,
1073 3680 1205 3745 sedvel
1224 3680 1373 3746 subtice-

227 3819 297 3886 tur,
318 3805 373 3869 rel
401 3805 495 3870 illius
520 3807 593 3871 loco
617 3806 710 3892 qnod
728 3819 779 3872 est
803 3809 911 3895 ipsius
932 3808 986 3873 rel
1006 3807 1183 3893 adipsum
1211 3806 1267 3872 rin
1294 3807 1371 3872 sub

227 3928 394 3994 stituit-ur.

318 4193 465 4241 bsensum
488 4193 645 4245 cnterrdoG
721 4196 1080 4247 SDecimussccundusG
1155 4202 1238 4247 ttaut
1256 4198 1369 4262 Primo,

227 4271 295 4335 quia
317 4272 341 4320 I'
404 4277 435 4322 13
459 4276 651 4324 nihilomusus
672 4276 698 4325 P
765 4279 797 4326 lu
821 4277 1067 4328 'tertiusdecimus
1090 4280 1114 4328 (ι’
1184 4278 1203 4326 l.
1223 4277 1371 4329 deminuta

225 4351 257 4400 27
273 4352 377 4418 ipsius,
392 4353 436 4402 vol
452 4353 476 4405 G
