3390 5122
755 402 895 448 leucari
915 402 1017 447 ann1

753 788 904 853 cAPV'r
933 787 1016 852 XII.

437 956 566 1005 explicatio
577 954 701 1005 luiaglnum
712 953 866 1003 sensibilium,
879 953 952 1003 pulmo
964 953 1059 992 ullarum
1072 954 1162 993 actione
1175 955 1339 994 uitclucntlnm.

402 1207 546 1270 Praeter
570 1202 845 1291 supradictarum
869 1201 1062 1287 imaginum
1082 1202 1157 1268 loca
1176 1202 1282 1268 habes
1306 1225 1455 1269 rursum:

404 1331 420 1377 l
448 1328 567 1394 Primo
588 1328 625 1393 in
644 1334 762 1393 centro
782 1326 1039 1393 abstrahentem
1059 1350 1119 1392 seu
1144 1327 1394 1413 absolventem,
1414 1328 1458 1393 ad

268 1456 288 1517 5
312 1457 481 1523 orientem
511 1454 658 1537 ebrium,
691 1441 906 1518 adocoiden.
938 1451 1037 1535 ibim,
1067 1452 1111 1517 ad
1134 1452 1254 1518 merid.
1277 1453 1281 1540 Ι
1303 1454 1458 1520 obstacu·
1482 1453 1552 1515 ’73

311 1583 399 1665 lum,
420 1580 463 1646 ad
482 1584 657 1666 septemtr.
678 1578 886 1663 ubiquitatis
905 1577 1053 1664 signum.

400 1707 415 1753 ‘l
435 1705 592 1771 Secimdo
603 1704 640 1770 in
660 1704 728 1770 alio
741 1703 830 1769 atrio
845 1704 883 1768 in
896 1710 1015 1768 centro
1032 1710 1276 1787 accusatorem,
1290 1705 1334 1769 acl
1345 1704 1455 1770 orien-

311 1840 380 1897 tem
399 1830 646 1912 ecclesiastem,
678 1829 722 1894 ad
752 1829 857 1894 occid.
878 1830 968 1894 lcari
999 1829 1241 1912 simulacrum,
1263 1831 1307 1895 ad
1338 1831 1455 1895 merid.

310 1957 512 2040 occisorem,
532 1956 575 2020 ad
594 1963 770 2042 septemtr.
792 1953 993 2019 urcearium.

248 2081 287 2143 10
398 2083 413 2128 *¹
439 2081 503 2145 Ill.
523 2081 566 2145 In
593 2088 711 2145 centro
739 2079 994 2162 adversantem,
1020 2079 1063 2143 ad
1085 2079 1207 2144 orient.
1232 2080 1384 2159 edacem,
1411 2082 1454 2145 ael

311 2207 415 2271 occid.
437 2206 635 2290 idolatram,
665 2229 684 2270 a
712 2227 792 2270 mor.
814 2203 962 2269 odientis
980 2202 1222 2289 simulacrum,
1249 2205 1292 2271 ud
1311 2213 1452 2292 septem.

311 2331 425 2397 udum.

398 2456 415 2503 l
442 2456 501 2522 IV.
521 2456 564 2520 In
587 2461 704 2520 centro
733 2453 916 2536 afflictum,
945 2454 989 2519 ad
1013 2453 1135 2519 orient.
1161 2454 1383 2538 efficientem,
1409 2458 1452 2523 ad

310 2583 474 2649 occident.
494 2605 658 2667 vacuum,
679 2580 722 2646 ad
741 2580 859 2644 merul.
880 2578 1078 2645 officiosum.

245 2704 287 2768 lo
399 2708 415 2754 l
444 2709 483 2773 V.
503 2709 545 2773 ln
570 2715 687 2773 centro
707 2707 851 2771 altorem
883 2729 941 2770 seu
972 2705 1189 2792 alligatorem
1213 2709 1268 2772 vel
1299 2710 1453 2775 altitudi-

308 2835 362 2899 uis
382 2833 616 2916 simulacrum,
637 2832 674 2896 in
703 2832 824 2897 crient.
854 2832 1046 2896 elevantem
1076 2855 1136 2897 seu
1167 2834 1361 2900 elabentem
1393 2861 1451 2902 seu

308 2957 623 3044 eleemosynarium,
637 2958 674 3021 in
692 2956 796 3022 occid.
814 2957 1093 3041 illuminatorem,
1106 2958 1142 3022 in
1155 2960 1274 3024 merill.
1289 2961 1450 3029 ollarium

309 3107 369 3149 seu
390 3083 625 3166 olt'acientem,
643 3082 686 3147 ael
713 3090 853 3168 septem.
877 3082 1023 3146 ultorem
1048 3106 1107 3147 seu
1127 3084 1273 3150 ult-orem
1293 3110 1352 3151 seu
1373 3088 1452 3152 ulti-

309 3216 450 3275 matum.

241 3344 285 3407 20
396 3336 413 3381 l
440 3336 498 3401 VI.
511 3337 553 3400 In
572 3344 689 3400 centro
710 3333 963 3420 amplexantem
977 3358 1036 3399 seu
1049 3336 1289 3422 amplitudinis
1314 3340 1450 3405 simula-

309 3484 417 3545 crum,
437 3461 480 3526 ad
504 3460 626 3526 orient.
652 3460 860 3524 eminentiae
884 3483 943 3525 seu
968 3461 1175 3546 emittentis,
1196 3464 1239 3528 all
1263 3465 1368 3529 occid.
1389 3466 1449 3530 im-

307 3587 451 3675 plentis,
477 3587 520 3651 ad
539 3585 656 3650 morid.
683 3585 870 3651 omina-ntis
890 3609 948 3650 seu
969 3587 1179 3673 emittentis,
1205 3590 1248 3654 ad
1272 3600 1447 3677 septemtr.

307 3711 533 3780 humiliantis.

396 3839 411 3885 l
440 3837 719 3903 vitriacum
745 3837 1017 3915 annunciatoris,
1051 3838 1094 3902 ael
1125 3840 1292 3905 orientem
1314 3865 1450 3907 enume-

240 3970 283 4032 25
307 3964 431 4047 rantis,
451 3964 494 4029 a<l
514 3963 619 4029 occid.
633 3963 833 4045 inserentis,
854 3963 896 4027 eil
917 3964 1033 4028 ineriil.
1051 3966 1237 4049 onerantis,
1251 3966 1293 4031 ml
1307 3976 1446 4053 septem.

306 4089 458 4155 unientis
476 4090 531 4154 rel
552 4088 723 4174 ungentis.

313 4272 957 4281 ---—----.-—-..—.—-.-...-——.—.—-—-
981 4275 1008 4279 -
1026 4274 1074 4280 ...-.
1091 4276 1103 4280 .-
1130 4275 1194 4281 ..—.
1230 4277 1300 4282 ....--

398 4360 483 4408 Sel!
502 4365 547 4407 etc.
563 4358 767 4409 simulachrum
834 4360 861 4406 11
876 4358 987 4408 dolatro
1035 4359 1193 4420 alseraeurl
1259 4362 1289 4410 18
1307 4376 1358 4410 seu
1373 4362 1445 4410 ulto·

307 4447 375 4500 rem]
384 4445 463 4506 forse
485 4455 536 4490 seu
551 4440 717 4490 ulteriorem
