3390 5122
329 379 389 438 374
769 390 909 437 rounam
930 389 1032 435 arum

328 572 414 637 quos
431 548 662 630 instituimus,
683 546 870 630 erudimuS,
895 553 930 612 et
953 547 1078 634 quibus
1101 553 1370 635 praeceptorum
1396 547 1487 615 vice

328 675 467 741 fuimus.

417 801 467 865 Ea
488 821 574 886 quae
593 797 636 865 ad
656 797 928 886 compassionem
952 803 986 863 et
1005 797 1341 865 commiserationem
1372 797 1488 866 indu-

329 931 426 1008 cunt,
447 930 542 991 sunt:
572 923 707 1010 siquos
737 922 881 1010 indigne
911 923 1011 989 malis
1034 924 1174 990 subesse
1202 923 1489 1012 inspexerimus,

284 1046 305 1110 5
328 1050 531 1138 praesertim
551 1050 580 1115 si
598 1050 699 1116 nobis
723 1049 826 1115 amici
845 1049 932 1131 sint,
953 1049 982 1114 si
1006 1049 1107 1115 nobis
1126 1048 1269 1132 similes,
1295 1049 1324 1114 si
1345 1071 1413 1116 nos
1437 1049 1489 1116 si-

328 1176 424 1241 milia
442 1175 536 1262 passi
555 1175 671 1240 simus.
692 1174 742 1239 Ea
761 1196 849 1260 quae
868 1181 1009 1240 movent
1025 1173 1069 1239 ad
1082 1174 1377 1260 indignationem,
1393 1183 1488 1242 sunt

328 1299 500 1367 contraria
521 1299 525 1388 t
546 1299 614 1382 his,
628 1305 749 1387 utpote
765 1298 795 1364 si
811 1298 974 1385 indignos
987 1298 1144 1366 homines
1155 1299 1243 1365 bene
1258 1306 1294 1365 et
1304 1322 1486 1387 prospere
1518 1305 1597 1369 96
1610 1309 1653 1371 F

328 1423 454 1490 habere
475 1423 680 1508 uidebimus.
701 1422 756 1488 Ad
779 1423 949 1489 invidiam
979 1431 1120 1490 movent
1143 1424 1271 1491 similia
1294 1424 1349 1492 his
1383 1449 1486 1513 quae

329 1547 373 1640 ad
391 1547 684 1634 indignationem,
707 1554 949 1636 praeterquam
968 1548 1060 1635 quod
1086 1548 1220 1616 invidia
1237 1571 1309 1616 non
1327 1551 1488 1638 respicit

266 1684 307 1747 10
330 1672 492 1760 indignos
511 1682 546 1741 et
564 1672 654 1739 male
672 1673 829 1756 meriton
849 1673 908 1739 sed
927 1675 1086 1760 aequales
1105 1681 1141 1740 et
1158 1696 1268 1763 pares.

417 1797 473 1863 Ad
500 1798 766 1865 aemulationem
785 1821 866 1865 vero
894 1798 1017 1865 similis
1048 1799 1210 1883 tristitia,
1236 1823 1304 1888 qua
1334 1802 1490 1888 quidem

329 1943 399 1988 non
419 1923 507 1989 male
525 1922 707 2007 afficimur,
741 1923 822 2010 quia
840 1922 901 1989 alii
923 1924 1012 1990 bene
1041 1923 1207 2010 habeant,
1228 1924 1287 1991 sed
1311 1925 1400 2013 quia
1421 1951 1493 1996 nos

329 2047 461 2134 pariter
479 2069 551 2113 non
579 2047 667 2114 bene
689 2048 892 2133 habeamus,
921 2049 977 2115 vel
1005 2049 1087 2135 quia
1116 2049 1217 2116 nobis
1247 2049 1339 2116 forte
1363 2056 1494 2143 magis

330 2171 521 2238 deberetur.

384 2498 385 2501 Ἴ
423 2429 439 2479 2
449 2430 475 2493 f.
494 2430 644 2494 fungimur
