3390 5122
223 393 283 451 338
662 406 802 451 mabam
822 406 924 452 11111

222 585 419 651 quanquam
442 561 530 628 nulli
550 560 695 628 inferior
717 560 873 627 invidere
896 562 1018 649 possit,
1040 568 1075 627 11
1093 561 1191 628 cuius
1214 561 1384 631 virtutes

222 711 341 754 omnes
364 686 530 753 aemulari
554 685 808 774 concupiscant.
837 688 867 752 9.
893 686 1131 753 Necessarium
1154 693 1207 752 est
1234 689 1386 755 consul·

222 813 390 880 tationem
418 812 591 878 concitare
618 812 795 879 universas
819 811 1044 899 operationes.
1070 812 1145 878 Hac
1174 813 1272 879 euim
1296 815 1385 882 sola

223 937 473 1025 dilstinguitur
491 937 617 1004 stultus
636 960 657 1003 a
675 937 849 1026 sapienter
872 944 1006 1024 agente.
1031 939 1138 1004 Porro
1157 937 1243 1005 haec
1268 940 1385 1008 disci·
1412 945 1543 1009 261⁴*

179 1071 200 1135 5
223 1062 319 1151 plina
330 1085 407 1129 cum
420 1061 672 1129 consultatione
683 1061 768 1128 satis
781 1061 918 1128 videtur
930 1084 1002 1128 esse
1014 1062 1271 1131 coniunctam.
1280 1065 1386 1146 Quia

223 1197 299 1257 tum
323 1190 415 1277 apud
439 1188 602 1275 Graecos,
622 1195 696 1255 tum
720 1188 813 1276 apud
841 1188 1006 1255 barbaros
1029 1187 1068 1255 in
1091 1189 1225 1277 agendo
1250 1213 1387 1280 operae

223 1315 355 1383 tionem
370 1315 555 1403 praecedat
573 1321 710 1402 oportet
728 1314 839 1380 oratio
863 1336 925 1381 seu
945 1315 1153 1401 praeceptio.
1171 1315 1295 1394 Qualis
1319 1341 1390 1387 au·

223 1450 295 1510 tem
317 1448 432 1531 potest
455 1464 528 1507 esse
552 1440 706 1525 effectus,
731 1440 761 1506 si
785 1462 887 1506 causa
915 1447 1020 1527 atque
1042 1442 1256 1531 principium
1280 1444 1388 1513 desit

224 1575 284 1635 aut
304 1551 462 1654 vacillet?
484 1568 535 1632 11.
555 1565 807 1653 Turpissimum
824 1589 896 1632 esse
913 1565 1062 1649 videtur,
1079 1589 1156 1634 cum
1175 1567 1277 1635 homo
1299 1572 1387 1638 sola

161 1701 202 1765 lO
224 1693 391 1760 facultate
414 1691 581 1758 sermonis
598 1699 732 1758 caetera
755 1691 947 1758 animantia
970 1691 1155 1759 nobilitate
1173 1693 1314 1781 vincat,
1339 1706 1386 1764 ut
1445 1757 1453 1768 .

224 1840 286 1905 per
304 1816 466 1883 inertiam
485 1823 589 1902 atque
608 1815 777 1882 desidiam
796 1815 869 1881 eius
889 1815 1043 1882 studium
1062 1823 1167 1902 atque
1184 1817 1385 1905 perfectio-

225 1964 304 2008 nem
325 1941 329 2030 1
350 1947 557 2007 contemnat.
581 1942 630 2006 12.
651 1941 741 2018 Quia
763 1941 961 2026 eloquentia
976 1947 1081 2027 atque
1102 1942 1265 2009 facundia
1280 1945 1383 2015 alios
1412 1952 1548 2020 1256

224 2066 378 2156 perditos
409 2065 593 2150 convertit,
618 2073 723 2152 atque
752 2086 908 2153 possessa
935 2072 1062 2133 tuetur.
1087 2069 1139 2133 13.
1165 2067 1255 2144 Quia
1278 2070 1383 2140 sicut

225 2190 415 2258 iucundum
439 2196 491 2257 est
518 2190 626 2257 oculis
657 2191 808 2257 externis
836 2191 967 2273 videre,
991 2192 1101 2259 multo
1126 2192 1380 2265 admirabilius

161 2333 202 2398 15
225 2316 363 2384 videtur
402 2338 474 2383 esse
501 2316 659 2382 sensibus
690 2316 837 2382 internis
865 2338 964 2403 posse
991 2317 1169 2405 inspicere.
1201 2318 1252 2384 14.
1278 2319 1381 2399 Quia

226 2443 315 2510 sicut
348 2441 509 2529 princeps
545 2441 723 2507 civitatem
756 2441 947 2527 gubernat,
977 2440 1028 2508 ita
1057 2442 1207 2509 facunda
1236 2445 1377 2531 oratio,

227 2590 315 2655 quae
333 2566 484 2634 rationes
504 2565 759 2648 subministrat,
780 2566 961 2633 universae
985 2566 1079 2633 vitae
1102 2567 1273 2634 humanae
1300 2569 1380 2637 dux

225 2718 297 2761 esse
326 2693 477 2773 videtur3
499 2692 688 2780 siquildem
708 2716 826 2759 omnes
845 2692 1049 2781 prudentiae
1078 2699 1175 2759 actus
1210 2694 1378 2762 oratione
1409 2704 1538 2770 2711

225 2820 466 2908 perficiuntur,
492 2842 559 2905 qua
582 2819 673 2885 bona
696 2819 822 2907 adepta
846 2840 1099 2903 conservamus,
1123 2819 1378 2888 desiderabilia

160 2967 204 3031 20
225 2967 461 3034 procuremus,
481 2945 572 3009 mala
591 2944 759 3010 instantia
778 2952 974 3011 avertamus
991 2953 1025 3011 et
1043 2944 1163 3011 futura
1185 2966 1379 3032 procavea·

227 3093 311 3136 mus.
326 3072 376 3134 15.
390 3069 479 3148 Quia
496 3068 782 3155 quemadmodum
797 3070 871 3135 vita
883 3071 956 3135 sine
970 3070 1116 3136 tristitia
1129 3077 1181 3136 111
1196 3070 1377 3161 eligenda,

227 3196 276 3260 ita
304 3202 338 3260 11
365 3193 517 3281 prudens
549 3194 671 3276 oratic,
703 3216 790 3280 quae
819 3195 992 3262 contraria
1020 3195 1164 3283 repellat
1192 3203 1227 3261 et
1255 3199 1379 3266 amica

226 3325 393 3391 conciliet.
408 3322 591 3390 Concludit
610 3323 749 3389 tandem
762 3324 978 3406 Aristoteles,
992 3325 1167 3411 eloquium
1182 3348 1254 3391 esse
1269 3328 1379 3396 velut

227 3453 367 3519 unicum
397 3450 575 3517 munimen
606 3472 788 3536 arcemque
822 3451 1033 3538 singularem
1061 3451 1232 3518 humanae
1256 3452 1377 3539 vitae,

160 3591 203 3655 25
227 3602 299 3645 esse
314 3600 440 3661 arcem,
457 3577 584 3662 inquit,
602 3576 921 3665 inexpugnabilem,
938 3601 1008 3644 non
1025 3578 1290 3665 manufactam,
1309 3584 1379 3650 sed

225 3726 332 3792 prope
352 3702 515 3768 divinam.
537 3702 661 3786 Quare,
682 3725 702 3768 o
721 3703 933 3788 Alexander,
959 3705 1022 3789 ait,
1047 3712 1081 3770 et
1104 3705 1194 3771 hanc
1212 3704 1379 3794 discipli-

226 3853 306 3895 nam
331 3829 478 3916 suscipe,
503 3828 627 3910 retine,
648 3851 824 3913 conserva,
845 3837 957 3895 tecum
982 3837 1136 3915 vegetet,
1154 3837 1268 3895 tecum
1289 3831 1379 3900 ado-

225 3956 345 4039 lescat,
376 3964 490 4020 tecum
518 3954 628 4037 vivat,
653 3962 693 4019 11
716 3954 752 4019 iu
777 3953 853 4041 ipsa
880 3956 1044 4043 temporis
1069 3956 1269 4022 maturitate
1306 3982 1380 4046 per

227 4081 370 4148 eandem
389 4079 619 4146 immortalem
638 4079 704 4145 tibi
722 4080 869 4165 gloriam
892 4080 1003 4168 possis
1027 4103 1234 4168 comparare.

319 4377 504 4442 1111111111
531 4376 567 4427 G:
586 4377 724 4441 procedat
741 4377 767 4426 F
827 4378 843 4424 9
862 4376 983 4428 abbiamo
1001 4377 1126 4445 appianae
1144 4377 1382 4445 l'interropativo

227 4462 258 4512 10
274 4468 307 4511 ut
319 4462 357 4511 F:
371 4460 395 4510 si
412 4461 435 4510 G
499 4459 539 4509 20.
549 4458 579 4508 21
597 4468 627 4508 et
640 4459 739 4509 futura
752 4474 957 4524 procaveamus
972 4476 1020 4511 om.
1038 4460 1061 4511 G
