3390 5122
537 429 582 472 ne
603 427 848 473 courosrrroms
867 426 1051 488 rurumvu,
1073 427 1119 471 iu.
1342 412 1398 470 291

348 582 499 649 Octavus
523 606 563 649 ex
587 583 673 666 fate,
693 583 856 670 quoniam
880 606 982 671 super
1006 583 1221 667 uuiversum,
1242 583 1333 668 quod
1350 590 1402 648 est

260 716 372 773 totum
391 714 534 774 naturae
551 730 686 796 corpuS,
712 731 783 774 non
806 717 857 775 est
876 707 1074 792 necessitas,
1101 708 1159 774 scd
1183 709 1257 796 ipsa
1274 716 1400 773 natura

260 843 311 901 est
330 836 404 924 ipsa
421 836 615 903 necessitas.
634 835 844 903 Universum
872 836 965 902 enim
995 859 1106 923 neque
1130 835 1261 902 moveri
1284 841 1402 922 potest

259 985 369 1049 neque
392 964 550 1048 alterari,
571 963 631 1029 sed
649 969 762 1029 motus
781 969 815 1027 et
834 963 994 1030 alteratio
1014 968 1061 1047 (et
1080 970 1328 1050 consequenter
1351 962 1399 1028 fa·

215 1097 236 1160 5
259 1096 347 1174 tum)
367 1099 418 1158 est
442 1092 479 1157 in
503 1090 676 1174 universe,
697 1090 733 1155 id
752 1097 803 1156 est
822 1113 939 1156 eorum
959 1112 1045 1177 quae
1065 1091 1174 1178 ipsius
1198 1098 1232 1157 et
1256 1113 1343 1177 quae
1364 1090 1401 1154 in

260 1217 344 1305 ipso.
364 1216 485 1284 Omnis
508 1217 593 1283 item
617 1217 792 1303 corruptio
809 1217 984 1283 restitutio
1002 1217 1170 1303 quaedam
1187 1224 1239 1283 est
1258 1217 1403 1282 elemen-

260 1349 386 1423 torum,
406 1343 567 1409 universo
587 1349 703 1408 autem
722 1363 793 1408 non
810 1341 894 1408 haec
914 1343 1076 1409 convenit
1096 1343 1186 1409 sicut
1202 1342 1310 1409 nobis.

349 1469 468 1535 Nonus
488 1492 530 1534 ex
548 1468 711 1556 profugio
735 1473 770 1533 et
794 1466 1008 1534 delecatione
1031 1491 1149 1534 eorum
1172 1491 1259 1555 quae
1284 1468 1404 1533 dissol-

259 1601 401 1678 vuntur,
427 1617 514 1680 quae
539 1594 576 1659 in
599 1592 868 1681 particularibus
892 1602 944 1660 est
967 1595 1156 1680 possibilis,
1181 1601 1220 1659 ut
1243 1595 1344 1660 astris
1368 1602 1403 1659 et

195 1727 238 1790 10
260 1720 455 1807 specialiter
485 1718 615 1804 telluri,
644 1719 805 1785 universo
835 1719 915 1785 vero
943 1743 1013 1785 non
1041 1726 1093 1786 est
1120 1720 1214 1786 locus
1239 1742 1306 1805 quo
1330 1720 1403 1785 eius

262 1845 421 1933 partibus
438 1853 536 1910 extra
554 1843 716 1910 dehiscat.

351 1970 513 2036 Decimus
532 1992 575 2034 ex
592 1969 722 2052 littore,
740 1954 862 2057 nempe
875 1969 1024 2035 termino
1044 1969 1193 2054 quodam
1207 1992 1273 2056 quo
1286 1991 1339 2034 res
1359 1968 1402 2034 ad

261 2095 434 2183 principia
453 2117 514 2160 sua
533 2093 770 2178 reflectuntur,
791 2103 825 2160 et
848 2117 964 2160 rursus
984 2095 1020 2160 in
1040 2094 1164 2161 similis
1183 2094 1403 2183 compositio-

260 2221 313 2288 nis
337 2220 521 2286 ordiendae
544 2228 750 2306 reparantur
768 2221 945 2286 elementa.
968 2221 1115 2286 Mutatio
1140 2242 1220 2308 ergo
1246 2227 1311 2303 est,
1332 2241 1402 2286 non

194 2351 236 2414 15
260 2354 375 2413 autern
393 2369 494 2412 verus
514 2369 629 2413 rerum
648 2346 820 2412 interitus.
838 2345 895 2411 Sic
911 2346 1024 2412 undae
1040 2346 1144 2412 maris
1161 2345 1211 2412 ita
1227 2345 1342 2412 fluunt
1359 2345 1402 2411 ad

259 2473 391 2556 littora,
411 2480 451 2537 ut
470 2479 504 2537 et
523 2495 543 2537 a
561 2472 738 2537 littoribus
757 2469 914 2537 refluant.

348 2596 558 2663 Undecimus
573 2619 614 2661 ex
623 2595 847 2663 multitudine
859 2595 1084 2662 formatorum
1094 2596 1398 2683 praetereuntium,

263 2745 408 2809 quorum
428 2722 572 2787 materia
591 2728 626 2786 et
645 2721 838 2788 substantia
858 2745 940 2788 vera
959 2729 1010 2788 est
1029 2745 1098 2788 una
1113 2745 1330 2810 permanens.

257 2865 258 2869 ’
350 2847 579 2912 Duodecimus
604 2870 645 2911 ex
669 2848 769 2943 terris
785 2848 883 2913 iuxta
902 2847 1002 2913 illud:
1022 2846 1217 2934 'generatio
1235 2846 1402 2935 praeterit

194 2975 238 3036 20
261 2980 295 3038 et
312 2973 489 3059 generatio
514 2972 673 3056 advenit,
689 2979 781 3037 terra
805 2980 920 3038 autem
940 2972 977 3037 in
996 2979 1175 3039 aeteruum
1198 2971 1401 3059 permanot',

260 3098 365 3162 idest
384 3098 607 3183 particularia
634 3098 824 3184 composita
847 3107 1027 3164 mutantur
1045 3106 1296 3184 moventurque
1314 3097 1400 3184 figu-

260 3245 330 3306 rae,
351 3223 480 3309 species
501 3243 581 3288 vero
601 3229 635 3288 et
651 3222 847 3288 substantia
866 3231 1002 3290 constat
1017 3222 1244 3289 invariabilis.

349 3348 639 3414 Tertiusdecimus
663 3371 705 3414 ex
725 3349 925 3433 iactatione,
946 3372 1013 3435 qua
1029 3348 1118 3416 nihil
1141 3349 1290 3414 dissilire
1311 3347 1400 3413 vide·

262 3480 319 3539 tur
342 3497 362 3539 a
386 3496 527 3562 corpore
550 3473 695 3558 telluris,
717 3475 798 3560 quia
822 3497 915 3541 mare
939 3497 1072 3563 semper
1096 3498 1167 3541 esse
1191 3481 1328 3540 tautum
1354 3475 1404 3539 vi-

195 3597 238 3661 25
262 3598 363 3664 detur
382 3606 550 3686 quantum
569 3598 650 3682 fuit,
667 3606 702 3664 et
721 3599 813 3685 quod
826 3600 869 3665 ab
882 3622 949 3666 uno
970 3600 1187 3667 subtrahitur
1202 3602 1291 3684 locu,
1311 3598 1405 3664 addi·

262 3732 319 3788 tur
338 3724 447 3788 alteri.

350 3847 653 3924 Quartusdeeimus
682 3872 723 3914 ex
750 3849 936 3915 altitudine
965 3872 1087 3917 causae
1115 3849 1301 3937 praesidis,
1334 3871 1403 3914 non

263 3979 314 4037 est
343 3974 436 4039 enirn
464 3975 619 4063 superior
647 3998 749 4040 causa
779 3998 865 4063 quae
890 3977 1037 4042 alterare
1065 3984 1100 4042 et
1128 3976 1265 4042 irritum
1290 3974 1403 4041 facere

262 4097 370 4183 possit
390 4099 481 4185 quod
500 4099 575 4187 ipsa
593 4100 719 4182 voluit,
740 4101 898 4187 quodque
918 4101 1001 4167 haec
1020 4124 1090 4168 non
1113 4108 1227 4189 potest
1247 4101 1313 4167 sibi
1338 4101 1403 4166 im·

196 4223 240 4285 30
262 4246 381 4309 parare
401 4225 500 4309 quasi
515 4248 609 4290 nunc
627 4224 728 4291 aliter
753 4225 889 4312 sapiens
913 4227 968 4293 vel
987 4228 1108 4293 melius
1127 4227 1403 4313 eminentiusque
1429 4228 1527 4293 186

262 4349 317 4413 vel
336 4349 537 4416 submissius
564 4350 804 4437 infirmiusque
830 4352 983 4439 pollens,
1001 4360 1039 4419 ut
1069 4353 1160 4440 quod
1179 4353 1282 4418 semol
1303 4354 1403 4418 iussit

262 4498 335 4538 osse
356 4481 396 4539 ut
415 4475 559 4561 bonum,
576 4499 655 4543 mox
684 4476 814 4543 iudicet
833 4479 961 4544 bonum
987 4501 1058 4544 non
1082 4501 1163 4545 esse.
1184 4479 1348 4556 Quinimo
1367 4479 1405 4544 in
