3390 5122
224 410 264 466 50
665 422 804 472 ioaoam
825 421 927 465 savin

225 601 270 643 an
290 578 340 644 ita
358 602 394 643 se
412 578 537 645 habeat
561 585 595 643 et
620 578 658 642 in
682 577 892 663 coniugatis,
913 576 1030 662 qualia
1050 583 1132 641 sunt
1149 575 1297 657 iustitia,
1317 575 1369 642 iu-

225 712 330 788 stum,
357 702 458 786 iuste,
488 702 764 784 iustificatieum,
789 701 1023 785 iustificabile‚
1048 701 1250 783 iustificare,
1274 700 1370 767 iusti·

226 828 334 910 ficari,
354 828 570 911 iustificasse,
587 827 813 894 iustificatum
833 849 918 910 esse,
938 834 976 891 et.
989 825 1162 892 contraria
1181 825 1368 910 iniustitia,

225 954 395 1019 iniustum
425 959 459 1018 et
488 953 632 1038 reliqua.
660 952 1003 1038 Vigesimusquartus
1031 973 1077 1016 an
1102 951 1370 1018 concomitantia

181 1074 202 1138 l)
226 1102 301 1144 cum
323 1078 408 1166 ipsis
427 1078 478 1145 ita
497 1077 697 1165 compositis
723 1077 945 1158 conveniant;
967 1076 1187 1162 componitur
1207 1076 1299 1141 enim
1319 1100 1369 1142 ao·
1423 1091 1427 1105 '

225 1204 386 1270 ternitati
410 1202 665 1269 invariabilitas
690 1211 725 1268 et
756 1211 895 1268 centum
919 1202 996 1267 alia.
1028 1201 1369 1289 Vigesimusquintns

225 1353 271 1396 an
286 1336 446 1417 oporteat
462 1351 534 1394 esse
550 1328 880 1417 incompossibilitas
893 1335 1035 1415 propter
1053 1350 1092 1392 ea
1106 1350 1192 1412 quae
1205 1349 1275 1392 non
1291 1350 1369 1392 con·

225 1456 355 1521 sistunt
374 1455 627 1539 antecedentia,
646 1462 687 1520 ut
710 1454 740 1519 si
763 1475 834 1518 non
858 1452 949 1519 adsit
973 1452 1117 1518 effluxns
1141 1459 1301 1519 aeternus
1325 1454 1368 1519 ab

225 1588 365 1646 aeterna
383 1603 485 1645 causa
504 1581 559 1645 vel
583 1580 771 1668 principio,
792 1580 845 1645 vel
864 1579 1006 1666 propria
1029 1578 1144 1665 passio
1166 1587 1200 1644 et
1223 1578 1312 1644 ratio
1332 1578 1370 1643 in

160 1713 202 1776 10
225 1714 364 1772 aeterno
388 1706 551 1772 subiecto.
576 1705 893 1792 Vigesimussextus
921 1728 967 1770 an
992 1704 996 1794 Ι
1022 1728 1110 1791 quae
1134 1705 1296 1790 subsequi
1316 1705 1371 1770 de-
1394 1714 1466 1776 39
1480 1719 1526 1780 Ρ

229 1833 352 1899 berent
382 1832 628 1918 consequentia
646 1832 784 1919 uspiam
814 1853 884 1896 non
915 1839 1115 1919 appareant.
1135 1832 1213 1896 Huc
1237 1838 1371 1919 spectat

225 1957 364 2043 quodsi
392 1957 544 2043 positum
576 1957 612 2021 in
631 1957 760 2044 posito,
788 1957 1007 2044 propositum
1038 1957 1076 2021 in
1094 1956 1285 2043 proposit0;
1305 1955 1372 2021 fre-

225 2081 816 2170 (11611616166111111111111,61116186
838 2082 917 2148 leno
941 2090 1003 2148 aut
1026 2080 1186 2147 moechus
1212 2091 1273 2149 aut
1303 2105 1371 2146 me·

225 2210 330 2275 (licus.
347 2207 715 2295 Vigesimusseptimus
730 2231 776 2273 an
794 2208 918 2273 melius
935 2215 986 2272 est
1001 2206 1103 2272 aliter
1122 2230 1194 2272 esso
1217 2207 1272 2272 vel
1291 2207 1369 2272 dici.

160 2336 201 2399 15
224 2333 566 2422 Vigesimnsoctavus
585 2356 631 2399 an
651 2332 752 2398 aliter
775 2356 848 2399 esse
871 2355 941 2399 non
961 2338 1141 2419 repugnet.
1161 2332 1371 2416 Vigesimus-

225 2482 336 2526 nonus
353 2482 398 2524 an
414 2459 505 2525 adsit
521 2460 576 2524 vel
593 2457 686 2524 absit
708 2457 855 2523 subiecti
869 2457 912 2522 ad
930 2458 1181 2545 praedicatum,
1198 2457 1253 2522 vol
1272 2479 1368 2544 prae-

225 2585 331 2651 dicati
359 2584 403 2651 ad
437 2585 630 2651 subiectmn
661 2583 853 2649 inclinatio.
884 2584 1098 2671 Trigesimus
1127 2607 1172 2649 an
1200 2581 1369 2648 naturalis

225 2710 327 2776 huius
347 2711 401 2775 vel
420 2709 514 2776 illius
534 2710 711 2797 appetitus
727 2708 884 2795 impellat
899 2710 955 2774 vel
966 2709 1122 2796 repellat.
1142 2708 1370 2795 Trigesimus-

225 2836 358 2923 primus
374 2859 418 2900 an
437 2834 481 2900 ad
496 2835 690 2901 evidentius
706 2857 832 2900 nornen
855 2834 911 2900 vel
934 2835 1125 2901 orationem
1141 2834 1369 2900 translatione

158 2963 203 3026 20
224 2960 329 3044 facta,
350 2960 531 3048 quippiam
550 2959 594 3025 ad
612 2961 668 3026 vel
696 2969 816 3026 contra
844 2960 1059 3048 propositum
1083 2959 1271 3026 delitescat.
1291 2961 1370 3025 Huc

225 3092 359 3172 spectat
376 3086 494 3151 videre
513 3091 548 3150 et
575 3108 621 3151 an
649 3094 800 3171 nugator
825 3085 916 3151 idem
944 3085 1011 3150 sibi
1031 3085 1138 3150 faciat
1157 3085 1288 3171 adesse,
1309 3085 1369 3151 irbi

225 3234 332 3277 unum
352 3211 453 3277 ambo
466 3211 750 3296 significaverint.
770 3211 1154 3297 Trigesirnusseonndus
1173 3235 1218 3277 an
1234 3211 1278 3277 ad
1295 3234 1371 3277 con·

226 3345 347 3404 notata
372 3338 573 3425 respicienti
600 3360 671 3403 non
700 3338 790 3403 nihil
809 3360 985 3403 occurrere
1016 3338 1140 3425 possit;
1161 3338 1220 3424 qni
1240 3339 1370 3404 etenim

226 3464 312 3529 111611
341 3464 530 3548 hominem,
555 3474 591 3528 61
618 3464 748 3529 animal
778 3471 813 3529 et
839 3463 1009 3529 rationale
1037 3472 1073 3529 et
1101 3464 1234 3530 risibile
1258 3472 1294 3529 et
1312 3488 1370 3529 na-

159 3595 202 3658 25
225 3589 421 3674 vigativum
449 3596 483 3654 et
510 3588 831 3675 philosophativum
859 3595 894 3654 et
921 3588 991 3654 alia
1019 3589 1114 3654 mille
1142 3589 1236 3654 dicit.
1260 3590 1371 3654 Inter-

226 3712 415 3779 clamitem
442 3737 484 3779 ex
504 3721 690 3780 connotato
719 3715 876 3781 invenire
907 3721 941 3779 et
960 3714 1112 3780 iudicare
1142 3715 1280 3781 facilius
1304 3723 1369 3798 est,

227 3861 329 3923 quarn
353 3863 395 3904 ex
418 3840 605 3926 proposito.
636 3839 976 3926 Trigesimustcrtius
1003 3863 1048 3905 an
1080 3840 1231 3927 oppositi
1261 3841 1369 3907 ullum

226 3963 272 4030 sit
301 3973 557 4051 argumentum,
584 3988 703 4030 sensus
728 3966 784 4030 vel
808 3965 1031 4053 experientia.
1055 3966 1370 4053 Trigesimusquar·

226 4098 282 4155 tus
301 4115 345 4157 an
364 4092 459 4157 aliud
478 4092 532 4156 vel
547 4090 649 4156 aliter
667 4092 722 4156 vel
743 4092 746 4179 l
768 4093 965 4178 oppositum
991 4092 1157 4158 asserenti
1176 4093 1273 4159 nulla
1292 4117 1370 4160 con·
1395 4106 1503 4170 '²42
1520 4104 1563 4171 G

160 4228 204 4291 30
227 4226 390 4302 sequatur
424 4216 630 4282 absurditas.
661 4217 1017 4303 Trigesimnsquintus
1047 4242 1093 4283 an
1121 4242 1199 4284 cum
1228 4220 1369 4306 plurifa-

477 4351 481 4355 .
495 4348 671 4355 -—-—.—
679 4350 896 4358 ——..-
1003 4353 1198 4358 .--—.—--—
1210 4350 1365 4359 —m-——a

320 4397 547 4447 tliustisicatum
562 4412 626 4446 esse
640 4397 666 4446 P
729 4399 759 4448 13
776 4400 909 4450 mecclms
922 4401 948 4450 Ρ
1011 4401 1211 4462 1161161111-
1274 4402 1368 4454 aode-

227 4479 343 4530 litescat
357 4479 421 4530 Pl:
437 4484 565 4545 emergat
578 4477 602 4529 G
