3390 5122
545 407 739 453 sa'umoum
760 407 968 469 concussor,
990 407 1011 452 1.
1287 393 1344 455 au

210 567 252 631 de
271 589 340 651 qua
355 565 516 651 vulgares
528 575 609 632 sunt
620 574 798 633 tractatus,
815 569 867 634 Ac
879 592 1075 635 mensuram
1088 575 1122 634 et
1134 569 1237 657 pedes
1252 592 1350 655 quos-

210 691 290 757 dam
310 698 408 778 aptos
428 714 500 757 esse
519 692 773 776 terminationi,
788 693 954 778 quosdam
972 693 1165 778 inflexioni,
1186 694 1352 779 quosdam

210 816 401 882 sententiae
429 817 699 899 continuationi,
728 818 980 886 observandum
1007 825 1068 885 est.
1097 819 1218 905 Neque
1242 820 1352 884 solum

210 940 314 1028 pedes
333 941 511 1008 observari
530 941 670 1024 debent,
701 942 759 1007 sed
779 943 884 1009 etiam
904 950 938 1008 et
957 943 1106 1011 varietas
1137 944 1351 1009 terminatio-

166 1078 187 1140 ἴ)
210 1066 278 1150 nis,
297 1089 340 1132 ne
363 1074 530 1154 perpetuo
549 1067 655 1133 verbo
679 1067 716 1133 in
735 1068 803 1132 fine
823 1068 989 1134 orationis
1019 1069 1184 1135 collocato
1204 1067 1353 1156 insipide

210 1191 377 1275 dicamuS,
392 1191 451 1257 sed
469 1191 559 1257 sicut
571 1191 608 1257 in
627 1198 766 1276 natura,
780 1192 830 1257 ita
845 1193 881 1257 in
898 1200 972 1259 arte
989 1193 1193 1259 varietatem
1205 1194 1353 1259 multum

211 1340 309 1403 posse
336 1317 535 1384 recolamus.
568 1319 750 1383 Praeterea
783 1319 1048 1402 observandum,
1079 1327 1118 1384 ut
1146 1341 1252 1385 tinam
1282 1341 1354 1384 ora-

210 1442 340 1507 tionem
366 1465 434 1508 uno
458 1443 585 1530 spiritu
604 1442 835 1531 proferamuS,
857 1444 949 1529 quod
977 1444 1006 1509 si
1027 1446 1031 1531 Ι
1051 1443 1219 1532 prolixior
1245 1442 1352 1509 fuerit
1379 1444 1450 1506 90
1464 1441 1508 1503 F

210 1568 395 1650 sententia,
417 1568 467 1633 ita
494 1591 557 1655 pro
585 1569 813 1656 respiratione
835 1591 1032 1655 pausemus
1056 1576 1095 1632 ut
1121 1568 1352 1634 membrorum

145 1701 188 1765 10
212 1715 393 1780 compages
422 1693 530 1759 dissui
558 1716 628 1759 non
647 1693 815 1760 videatur.
846 1693 901 1759 Ad
930 1693 1014 1759 haec
1041 1693 1130 1759 ratio
1159 1699 1353 1779 temporum

210 1818 368 1884 habenda
387 1824 452 1902 est;
465 1818 563 1885 decet
578 1819 671 1884 enim
689 1819 856 1905 quaedam
876 1819 1027 1884 velocius
1043 1825 1077 1883 et
1096 1817 1264 1904 quaedam
1281 1840 1353 1883 cur·

210 1944 284 2011 siva
312 1944 481 2029 oratione,
502 1946 671 2030 quaedam
698 1969 780 2014 vero
799 1945 933 2012 tardius
956 1945 1135 2032 magisque
1162 1950 1352 2031 temperate

209 2068 372 2156 proferre.
392 2070 510 2136 Prima
529 2071 618 2137 ratio
638 2071 926 2138 accommodatior
949 2078 1002 2137 est
1020 2077 1055 2136 et
1074 2069 1351 2157 exaggerationi-

208 2196 272 2262 bus
292 2200 326 2260 et
348 2194 593 2263 fervidioribus
617 2196 815 2282 affectibUS,
847 2196 995 2263 secunda
1015 2216 1096 2263 vero
1127 2195 1164 2260 in
1183 2193 1351 2279 docendo,

144 2324 186 2388 15
210 2322 498 2409 argumentando,
529 2323 782 2411 persuadendo;
811 2323 894 2390 haec
922 2329 1052 2389 statum
1080 2321 1261 2404 orationis,
1290 2321 1351 2386 illa

209 2447 480 2536 complexionem
509 2454 544 2514 et
567 2448 742 2535 epilogum
772 2448 877 2514 etiam
900 2447 1055 2534 requirit.
1088 2448 1176 2512 item
1201 2446 1238 2511 in
1267 2469 1350 2531 qua-

209 2572 356 2638 rundam
386 2574 583 2640 orationum
602 2573 863 2639 continuatione
893 2572 1043 2655 brevior,
1068 2572 1106 2636 in
1134 2570 1349 2657 quarundam

209 2720 289 2764 vero
308 2697 476 2786 prolixior
495 2720 590 2765 mora
617 2698 814 2785 requiritur.
839 2696 1027 2763 Maximam
1058 2718 1193 2783 quoque
1212 2696 1283 2764 vim
1314 2695 1352 2760 in

208 2820 497 2910 pronunciatione
517 2827 523 2912 Ι
543 2823 656 2907 habet,
669 2824 698 2890 si
711 2846 792 2909 rem,
806 2822 847 2888 de
860 2845 928 2909 qua
941 2822 1086 2910 agimus,
1100 2845 1162 2888 seu·
1171 2821 1351 2908 negotium
1376 2832 1478 2899 153
1495 2833 1536 2899 G

141 2950 186 3013 ‘20
208 2949 308 3035 quasi
327 2972 489 3036 praesens
508 2949 709 3032 habeamuS,
728 2956 767 3014 ut
786 2949 817 3015 si
835 2949 877 3014 de
894 2948 1048 3036 periculo
1067 2947 1233 3031 civitatis,
1251 2946 1351 3033 quasi

208 3074 333 3140 timore
357 3075 518 3161 perculsi,
539 3074 568 3140 si
596 3073 638 3141 da
657 3072 820 3140 facinoris
848 3073 1021 3161 gravitate
1044 3073 1154 3160 ipsius
1182 3078 1297 3159 partes
1316 3079 1351 3137 et

207 3199 484 3266 circumstantias
504 3200 554 3265 ita
573 3200 610 3264 in
634 3199 734 3265 nobis
765 3196 978 3287 praesenltes
998 3198 1169 3284 fingamus
1200 3206 1235 3264 et
1254 3198 1350 3263 velut
1375 3205 1434 3267 91
1448 3206 1492 3268 F

206 3323 314 3391 oculis
334 3323 548 3391 audientium
571 3346 792 3411 exponamus.
812 3325 888 3393 Hoc
906 3324 999 3390 enim
1023 3330 1074 3390 est
1094 3323 1192 3409 quasi
1210 3346 1349 3389 scenam

205 3447 332 3535 facere,
353 3451 391 3515 in
415 3472 482 3536 qua
501 3449 640 3537 quidem
659 3450 759 3538 plura
778 3457 813 3515 et
832 3448 921 3516 forte
940 3449 1056 3516 omnia
1074 3448 1253 3538 praedicta
1272 3470 1349 3514 con·

139 3582 183 3645 25
207 3583 372 3661 currunt,
393 3582 514 3663 utpote
538 3577 657 3642 vultus
680 3575 842 3661 mutati0,
864 3582 977 3642 motus
1000 3575 1172 3663 corporis,
1197 3596 1265 3641 vox
1284 3581 1348 3640 etc.

201 3712 204 3719 '
294 3703 480 3787 Ultimum,
500 3703 592 3790 quod
608 3727 708 3791 saepe
721 3703 764 3770 ad
783 3727 855 3770 rem
874 3703 1022 3770 maxime
1034 3704 1185 3788 videtur,
1197 3726 1350 3793 pronun·

207 3827 323 3894 oiandi
351 3851 461 3915 genus
491 3829 528 3895 in
552 3853 588 3896 re
616 3830 691 3917 ipsa
719 3830 774 3897 vel
802 3829 856 3897 illi
885 3829 992 3896 simili
1021 3830 1195 3912 consistit,
1226 3836 1347 3917 utpote

206 3953 343 4040 quando
364 3953 407 4021 ad
437 3954 525 4020 iram
544 3955 599 4020 vel
622 3955 891 4022 misericordiam
920 3955 1174 4040 concitandam,
1204 3956 1346 4021 vulnera

204 4078 292 4166 ipsa,
313 4080 447 4167 plagas,
468 4088 646 4147 cruentam
675 4088 806 4148 vestem
825 4088 859 4147 et
877 4081 1004 4148 similia
1028 4081 1260 4169 producimus,
1290 4079 1346 4144 vel

138 4214 182 4279 30
203 4226 265 4292 per
284 4204 548 4271 similitudinem
567 4206 623 4271 vel
642 4206 789 4272 realiter.

205 4467 227 4520 lg
298 4389 376 4519 itaet
393 4387 542 4458 quaedam]
554 4392 635 4456 sorae
653 4397 682 4441 et
699 4392 821 4458 quadam
886 4394 925 4444 16.
936 4395 964 4444 17
981 4391 1160 4458 quorundam
1177 4395 1240 4439 tutte
1262 4406 1275 4439 a
1296 4390 1348 4440 duc

240 4469 307 4520 volte
