3390 5122
246 408 303 466 196
687 424 826 467 ruamur
850 424 950 468 snvnr

335 580 392 646 Sic
415 589 450 646 et
468 581 633 647 historiae
653 589 788 648 constat
800 583 925 669 imago,
938 584 1021 648 dum
1037 584 1100 649 sub
1117 583 1248 663 eodem,
1271 584 1314 649 ab
1333 606 1385 648 eo

243 705 333 790 dem,
358 730 437 773 cum
462 708 580 773 eodem
605 716 639 773 ct
668 710 758 773 circa
782 708 873 773 idem
898 716 1001 794 caput
1032 708 1285 775 adiectionibus
1316 732 1390 774 ver·

241 830 364 896 borum
397 841 432 897 et
464 834 697 900 intentionum
734 833 1016 899 concatenatione
1046 834 1133 899 aliae
1164 843 1267 920 atque
1301 836 1388 901 aliae

241 953 411 1042 imagines
430 958 704 1046 implicabuntur
722 967 757 1025 et
773 959 1054 1046 explicabuntur,
1080 967 1114 1023 et
1138 960 1238 1046 signa
1259 961 1387 1025 combi-

196 1074 217 1136 5
240 1080 422 1148 nationum
449 1084 641 1170 primarum
668 1108 710 1150 ex
738 1084 916 1149 elementis
945 1107 985 1149 ex
1013 1087 1154 1170 regione
1183 1091 1287 1170 atque
1316 1086 1386 1150 situ

240 1206 489 1294 concipientur.

672 1591 824 1656 oAPVr
858 1592 959 1656 XIX.

327 1886 489 1973 Superest
504 1894 544 1952 ut
563 1888 823 1974 compositionis
844 1887 992 1952 formam
1004 1885 1201 1950 referamus.
1216 1882 1298 1947 Tria
1314 1883 1382 1948 sin-

234 2012 336 2097 gulae
348 2011 540 2097 imaginum
554 2015 755 2078 contineant
767 2022 871 2098 atque
886 2012 1026 2077 definite
1036 2011 1205 2077 referant:
1225 2010 1252 2074 I.
1265 2011 1380 2074 Assu-

170 2135 212 2198 10
234 2157 314 2219 unu,
344 2137 389 2200 II.
421 2137 689 2203 Iusruvuuurvu
719 2139 786 2220 (vel
812 2138 1002 2220 adiectum,
1033 2136 1088 2201 vel
1122 2136 1378 2217 circumstans),

234 2260 297 2325 ΙΠ.
315 2261 574 2349 Orsnsrrousn,
593 2271 632 2329 ut
652 2264 711 2330 ubi
728 2265 819 2330 idem
836 2265 941 2329 refert
958 2286 1063 2348 agens
1088 2262 1178 2347 quod
1200 2284 1261 2326 sua
1282 2284 1379 2326 arma

235 2394 270 2451 et
288 2387 388 2453 actio.

384 2624 417 2689 A
771 2627 801 2690 B
1156 2629 1181 2692 Ο

259 2732 262 2737 ’
323 2750 525 2836 Baptizator
706 2751 791 2816 Cum
804 2775 905 2817 urceo
1086 2755 1197 2819 Lavat

168 2872 208 2935 15
384 2875 415 2937 D
764 2877 793 2940 Ε
1150 2881 1179 2943 F

320 2998 420 3064 Miles
701 3001 787 3065 Cum
807 3003 933 3067 vexillo
1085 3005 1197 3070 Saltat

385 3123 418 3188 G
764 3126 798 3189 H
1155 3131 1173 3194 Ι

319 3249 432 3315 Faber
702 3252 804 3315 Ascia
968 3339 976 3352 ·
1084 3255 1217 3341 Purgat

380 3375 415 3438 K
770 3377 798 3438 L
1147 3381 1183 3444 M

319 3500 423 3565 Sutor
700 3501 831 3565 Forfice
1084 3504 1219 3570 Scindit

317 3627 372 3692 Ibi
391 3627 502 3691 ABG
700 3627 830 3692 Reddit
1084 3629 1198 3695 Baba
1219 3632 1262 3696 ba

317 3752 348 3815 D
362 3751 429 3815 EF
699 3752 828 3817 Reddit
1080 3755 1129 3818 Mi
1149 3756 1265 3820 mimi

317 3877 424 3941 GHI
697 3877 826 3941 Reddit
1079 3880 1129 3944 Fa
1147 3880 1184 3945 fa
1200 3880 1235 3945 fa

315 4003 346 4065 A
360 4003 393 4064 H
407 4003 443 4066 M
698 4003 781 4066 Red.
1080 4005 1129 4070 Ba
1144 4006 1181 4070 fa
1196 4029 1236 4072 su
1398 4020 1488 4084 101

159 4122 201 4185 ‘25
314 4128 347 4190 K
361 4128 432 4191 ΗΟ
697 4128 784 4193 Red.
1079 4132 1126 4194 Su
1146 4131 1181 4196 fa
1200 4132 1233 4196 la

228 4345 528 4352 ‚1--—--...-——-
1056 4349 1185 4355 ---..--
1194 4350 1361 4357 ——.—

313 4472 328 4520 3
346 4472 602 4522 concathonatiouc
