3390 5122
480 699 652 802 IORD.
688 702 745 803 Β.
782 701 829 805 N
831 701 1007 805 OLAN
1010 702 1104 805 VS.

230 967 304 1044 DE
354 965 675 1044 PROGRESSV
723 967 959 1045 LOGICAE
1008 968 1349 1049 VENATIONIS.

751 1216 831 1232 u·—

305 1973 411 2039 Haud
431 1974 569 2059 quidem
592 1974 676 2040 satis
700 1998 773 2040 esse
796 1974 1006 2041 arbitramur
1028 1976 1188 2060 fugacem
1211 1997 1273 2062 per
1295 1975 1362 2061 syl·

217 2122 338 2166 vosum
362 2099 611 2186 dumosumque
634 2123 794 2189 campum
817 2100 1085 2189 apprehendisse
1108 2100 1230 2184 feram,
1255 2100 1285 2165 si
1307 2122 1363 2166 ve-

174 2221 194 2284 ὗ
217 2231 373 2291 00101010
395 2225 503 2291 101001
528 2225 699 2313 quomodo
722 2226 812 2292 hanc
836 2226 947 2315 ipsam
971 2232 1121 2292 tractare
1140 2231 1174 2292 01
1197 2226 1241 2292 ad
1261 2248 1361 2292 usum

218 2357 416 2417 convertere
445 2351 577 2416 debeat.
599 2350 690 2428 Quid
722 2351 849 2418 0100101
880 2352 966 2416 mihi
995 2350 1157 2440 prodesse
1180 2356 1307 2438 potest,
1332 2349 1362 2415 ei

218 2476 469 2543 construendae
492 2476 615 2543 domus
637 2484 753 2565 partes
773 2484 807 2543 01
826 2500 957 2563 organa
975 2476 1155 2544 habuerim
1178 2481 1362 2564 apparata,

218 2626 305 2688 quae
324 2626 404 2671 mox
423 2604 461 2669 10
479 2603 628 2670 aedificii
645 2611 854 2671 structuram
870 2627 1076 2692 componere
1091 2603 1243 2670 nesciam
1259 2609 1294 2669 01
1313 2625 1363 2670 01·

218 2727 361 2795 dirrare?
382 2728 482 2794 Circa
498 2751 599 2796 omne
618 2731 828 2816 quaesitum,
850 2731 946 2797 cuius
970 2735 1127 2818 apertam
1150 2728 1365 2795 intendimus

155 2857 197 2920 10
218 2853 344 2920 habere
363 2855 610 2941 cognitionem,
632 2855 775 2921 minime
794 2855 921 2923 suffieit
940 2857 1031 2922 inter
1050 2861 1233 2942 utramque
1253 2861 1364 2920 extre·

217 2979 375 3045 mitatem
400 2980 600 3047 collocanda
623 2980 766 3069 adeptos
790 3004 862 3047 esse
886 2981 1013 3064 media;
1038 3003 1159 3047 verum
1182 2986 1217 3045 01
1241 3001 1365 3067 operae

219 3106 375 3193 precium
398 3113 450 3173 est
467 3106 573 3192 seire,
597 3108 723 3195 quibus
746 3108 822 3196 ipsa
846 3113 920 3196 (pro
944 3107 1090 3174 diversis
1114 3105 1365 3188 occasionibus)

218 3230 385 3297 seriorum
412 3231 607 3299 rationibus
635 3233 884 3319 ordinibusque
917 3231 1055 3298 adnecti
1082 3231 1231 3298 debeant
1259 3236 1364 3316 atque

217 3354 386 3422 collocari.
414 3421 417 3425 .

661 3605 706 3669 ΙΙ.
731 3603 917 3669 Manaavn.

308 3834 400 3927 Illud
432 3837 541 3924 igitur
563 3838 676 3925 primo
706 3838 743 3904 in
773 3840 975 3906 memoriam
1004 3839 1250 3925 revocandum,
1273 3840 1364 3925 quod

219 3984 321 4029 omne
344 3963 523 4049 problema
547 3972 609 4030 aut
632 3970 684 4031 est
708 3963 955 4031 affirmativum
978 3965 1185 4049 universale,
1206 3971 1267 4032 0111
1290 3967 1366 4032 uni-

308 4238 324 4287 3
339 4253 513 4303 prepoupono
528 4236 735 4289 l’iute'tolaziouc
749 4237 923 4290 ρ1101001001
933 4241 963 4290 1²
974 4241 1035 4293 Ac.
1050 4240 1124 4290 Nolle
1136 4239 1315 4292 1101ιοὶ0τί01ιὶ
1327 4256 1364 4290 ae·

221 4318 313 4383 pocati
327 4318 363 4367 Ira
376 4324 574 4370 costantememc
587 4317 645 4370 eino
659 4321 716 4370 alla
724 4321 781 4384 fine
795 4321 948 4385 delt'oprra
962 4321 1002 4372 ΙΙ.
1016 4320 1191 4384 Membrnm,
1208 4321 1263 4371 III.
1277 4322 1363 4371 Mem·

218 4398 356 4448 brumale.
368 4399 403 4463 P;
417 4405 613 4450 costantemena
623 4400 782 4451 Mambrum
795 4401 845 4465 IL,
858 4401 1017 4453 Membrum
1028 4403 1084 4452 III.
1094 4408 1140 4452 etc.
1153 4402 1206 4453 Ao
1253 4403 1282 4451 11
1300 4417 1365 4466 ope·

221 4495 254 4530 re
267 4479 294 4531 P
357 4481 388 4530 12
402 4480 548 4549 praecium
562 4478 621 4545 (sic)
637 4480 704 4532 PA:
719 4480 844 4547 pretium
860 4483 885 4535 G
