3390 5122
462 452 507 495 na
528 450 719 496 raocaaasv
739 452 883 497 coercere
904 453 1113 499 1111110111.
1321 440 1359 498 15

214 609 356 675 Volenti
385 615 502 675 autem
528 607 774 696 particularem
797 609 998 696 negativam
1021 610 1223 676 concludere
1251 609 1358 698 respi-

214 734 376 801 ciendum
394 740 447 801 est
464 735 509 801 ad
528 733 768 801 antecedentia
787 735 935 803 subiecti
954 743 988 801 et
1007 736 1241 824 repugnantia
1259 759 1358 825 prae·

213 859 333 943 dicati;
353 861 404 926 ita
434 860 527 942 enim
546 865 801 948 (praeterquam
831 861 869 926 in
889 868 1015 947 quarto
1046 861 1216 928 secundae
1244 862 1358 947 modo)

213 985 343 1073 poterit
362 986 401 1052 in
416 986 577 1053 omnibus
597 986 802 1054 concludere
816 986 947 1074 figuris.

631 1253 728 1320 VHI.
752 1254 938 1320 Manaavn.

302 1495 344 1560 In
364 1493 490 1579 quibus
509 1493 670 1560 omnibus
686 1498 761 1581 (pro
778 1493 888 1561 modis
904 1477 982 1560 aliis
998 1494 1279 1583 particularibue,
1300 1497 1360 1582 qui

214 1618 449 1707 praetermissi
467 1617 680 1702 viderentur)
705 1619 968 1686 conversionum
988 1642 1137 1686 canones
1164 1627 1279 1685 mente
1302 1621 1361 1689 ha

215 1750 372 1815 beantur.
396 1747 467 1814 Ubi
490 1747 583 1812 eninr
607 1747 637 1811 Ε
660 1769 761 1812 omne
784 1754 836 1812 est
859 1747 905 1831 A,
930 1752 964 1812 et
989 1745 1130 1833 aliquod
1154 1746 1255 1812 Eest
1273 1747 1306 1813 A
1325 1755 1360 1814 et

216 1872 357 1960 aliquod
379 1872 413 1937 A
435 1878 487 1937 est
510 1872 554 1954 E3
578 1871 638 1937 ubi
662 1872 692 1936 Ε
715 1872 851 1938 nullum
874 1878 926 1938 est
949 1874 995 1955 A,
1020 1871 1070 1937 ibi
1093 1872 1229 1938 nullum
1252 1872 1285 1937 A
1308 1879 1360 1938 est

152 1999 195 2062 10
217 1999 259 2082 Ε,
280 1997 420 2085 aliquod
438 1997 468 2061 E
487 2018 558 2062 non
574 2003 626 2062 eat
645 1997 691 2081 A,
703 1995 844 2082 aliquod
861 1996 893 2062 A
912 2019 983 2063 non
1001 2003 1054 2063 est
1069 1997 1112 2080 E;
1128 1996 1189 2063 ubi
1206 1998 1235 2063 E
1256 1997 1362 2082 quod-

217 2123 296 2189 dam
320 2129 372 2189 est
390 2121 436 2206 A,
456 2121 506 2187 ibi
526 2121 698 2206 quoddam
717 2122 749 2187 A
768 2129 820 2188 est
839 2123 881 2205 E3
901 2123 963 2190 ubi
981 2124 1012 2188 Ε
1031 2122 1203 2210 quoddam
1222 2130 1360 2190 nonest

217 2250 262 2334 A,
283 2248 334 2314 ibi
352 2247 385 2313 A
404 2246 578 2334 quoddam
597 2270 668 2315 non
686 2255 738 2314 eet
756 2248 795 2313 Ε.

309 2501 325 2550 ὅ
342 2499 415 2551 VIII
433 2499 472 2552 G:
487 2501 543 2551 VII
559 2500 609 2550 I'A
673 2502 690 2552 9
706 2501 818 2553 nullum
831 2508 876 2553 cst
890 2504 927 2560 A.
944 2503 983 2552 ibi
997 2502 1062 2556 Aa:
1078 2504 1168 2554 ullum
1182 2507 1227 2554 est
1239 2501 1319 2554 Alibi
1333 2505 1359 2555 P

218 2582 248 2631 12
263 2581 453 2632 sottoecriaouo
466 2581 568 2633 FINIS
579 2582 632 2635 Aa
