3390 5122
225 370 265 432 20
663 384 802 431 10110111
822 385 924 431 nnvsr

226 549 298 609 tam
316 542 419 627 longe
442 548 641 628 protensum
665 542 899 628 latissimeque
914 550 1036 630 patens
1060 566 1130 610 non
1150 545 1156 629 l
1176 542 1368 635 apprehen·
1391 551 1491 617 '71⁹7
1507 546 1549 617 G

226 669 357 753 denteS,
377 669 414 733 in
426 669 501 757 ipsa
513 668 740 735 fundamenta
753 669 923 735 duntaxat
934 669 1152 757 opinionum,
1170 693 1241 736 non
1260 670 1366 738 etiam

226 795 390 861 scientiae
408 801 443 860 et
461 795 713 881 intelligentiae
732 795 888 861 iudicant
907 795 1090 879 contineri,
1111 817 1182 861 non
1205 796 1366 863 obstante

227 921 319 1005 quod
345 920 494 1007 geneda,
517 921 664 1008 proprii,
688 920 915 1005 definitionis
940 920 1128 987 accidentis
1153 921 1368 1008 aliorumque

182 1050 203 1114 5
227 1045 420 1111 dicibilium
439 1053 544 1131 atque
567 1045 850 1132 conceptibilium
872 1047 1072 1133 potissimae
1095 1048 1267 1133 notiones,
1288 1070 1368 1114 eon-

225 1172 373 1237 ditiones
402 1177 614 1255 reserantur,
643 1171 860 1255 ordinantur,
890 1172 1122 1259 explicantur,
1148 1180 1188 1239 ut
1212 1196 1254 1238 ex
1282 1173 1367 1262 ipsis

226 1304 508 1384 argumentorum
527 1295 701 1384 principia
721 1320 820 1362 omne
843 1297 947 1363 liceat
970 1298 1014 1362 ad
1032 1299 1249 1386 propositum
1268 1299 1367 1365 desu-

225 1447 326 1490 mere.
355 1424 463 1489 Porro
493 1422 658 1488 facillime
684 1421 825 1487 huiusce
854 1422 1012 1510 caliginis
1044 1427 1159 1490 velum
1188 1426 1232 1491 ab
1260 1424 1367 1490 oculis

226 1555 397 1633 avertent,
418 1548 504 1614 siin
528 1571 603 1613 eam
627 1548 936 1615 considerationem
960 1550 1114 1615 animum
1139 1550 1366 1635 adverterint,

161 1686 203 1748 10
226 1675 317 1760 quod
340 1697 409 1741 non
434 1673 552 1740 eodem
575 1674 802 1749 usulveniant
826 1681 940 1760 pacto,
965 1698 1053 1761 quae
1077 1676 1194 1741 eadem
1219 1676 1368 1742 diverso·
1392 1680 1426 1744 6
1440 1682 1487 1744 P

225 1824 315 1884 rum,
336 1801 440 1866 immo
460 1807 494 1865 et
513 1799 765 1866 contrariorum
788 1806 823 1865 et
847 1799 1104 1867 adversantium
1127 1810 1272 1888 possunt
1296 1825 1368 1868 esse

225 1925 408 2013 principia.
433 1924 470 1989 si
501 1924 586 1990 alias
606 1932 710 2009 atque
728 1925 814 1991 alias
839 1926 901 1991 sub
921 1926 1014 1992 hisce
1032 1926 1221 1992 maioribus
1251 1927 1369 1992 subsu·
1425 1973 1428 1976 «

226 2051 349 2117 mendo
367 2050 517 2117 minores
539 2051 792 2138 propositiones
812 2074 853 2116 ex
872 2050 994 2117 iisdem
1018 2051 1056 2117 hi
1080 2053 1219 2139 quidem
1239 2053 1369 2138 sciunt,

228 2177 409 2264 opinantes
428 2184 543 2242 autern
574 2200 609 2242 se
640 2178 726 2242 scire
745 2184 970 2264 praesumunt
1003 2185 1037 2244 et
1061 2178 1277 2263 existimant,
1296 2185 1370 2243 ten-

161 2313 203 2376 15
228 2310 300 2368 tare
329 2311 432 2388 atque
461 2302 617 2390 decipere
645 2303 819 2390 sophistae
839 2304 1053 2391 captiosique
1083 2303 1307 2370 contendunt.
1327 2303 1369 2368 Id

227 2436 342 2494 autem
367 2451 406 2493 ca
426 2428 467 2493 de
498 2451 599 2494 causa
629 2452 671 2494 ex
699 2435 772 2495 arte
791 2417 967 2517 provenit,
988 2452 1056 2515 qua
1081 2430 1118 2494 in
1136 2452 1176 2495 ea
1202 2452 1274 2495 non
1293 2451 1370 2516 pro·

155 2553 159 2559 ’
226 2555 317 2641 pria,
342 2553 401 2619 sed
431 2554 670 2620 universarum
701 2555 940 2621 methodorum
970 2555 1165 2621 communia
1195 2555 1368 2643 principia

227 2679 448 2745 continentur
472 2685 506 2744 et
529 2680 739 2745 ambiuntur.
765 2680 866 2746 Unde
890 2702 961 2745 non
986 2680 1125 2767 quidem
1149 2703 1190 2747 ex
1214 2703 1253 2747 eo
1277 2680 1369 2766 quod

227 2793 281 2868 ars
302 2803 376 2890 ipsa
394 2804 557 2890 largitur,
578 2804 637 2870 sed
656 2826 695 2869 eo
716 2803 807 2890 quod
831 2828 872 2869 ex
897 2811 971 2870 arte
995 2805 1073 2890 quis
1096 2827 1159 2893 pro
1182 2805 1274 2871 vasis
1293 2827 1370 2893 pro·

160 2937 205 3000 20
226 2930 296 3017 prii
315 2931 506 3016 capacitate
525 2931 770 3017 propositoque
786 2931 855 2995 fine
871 2929 1040 3017 decerpit,
1057 2930 1138 2996 talis
1152 2938 1255 3018 atque
1269 2939 1368 2999 tanta

226 3056 376 3121 varietas
395 3056 548 3142 emergit.
569 3056 636 3121 Hic
659 3055 769 3141 igitur
787 3055 930 3142 perinde
948 3056 1257 3143 proportionaliter
1280 3058 1369 3123 acci-

227 3182 293 3260 dit,
320 3191 423 3267 atquc
447 3182 476 3247 si
504 3181 622 3246 eadem
652 3181 712 3247 lux
742 3181 779 3246 in
809 3182 951 3269 propria
976 3182 1135 3248 claritate
1165 3184 1369 3268 consistens,

226 3307 328 3372 aliter
360 3307 396 3371 in
426 3307 610 3393 diaphanis
640 3307 855 3393 corporibus,
881 3307 982 3373 aliter
1006 3308 1045 3372 in
1069 3308 1302 3392 subobscuris,
1332 3308 1369 3373 in

227 3432 349 3499 crassis
372 3433 573 3518 ruvidisque
596 3433 751 3497 materiis
780 3433 880 3499 aliter
909 3432 1082 3519 ingeritur
1105 3442 1139 3498 et
1167 3433 1368 3519 explicatur.

160 3560 203 3625 25
226 3558 325 3624 Licet
347 3559 456 3644 igitur
480 3559 633 3625 diversos
656 3558 870 3642 diversisque
893 3558 1015 3624 mediis
1038 3559 1261 3624 attrectantis
1284 3559 1368 3624 fines

227 3707 268 3747 ex
297 3685 474 3771 proposito
498 3706 568 3749 non
588 3690 843 3770 compa-rentur,
863 3682 949 3748 illud
974 3690 1090 3748 tamen
1111 3691 1200 3749 certe
1220 3706 1369 3749 asserere

227 3829 297 3872 11011
326 3809 525 3892 cunctabor,
556 3808 647 3894 quod
675 3809 725 3873 ita
753 3807 888 3872 nullum
920 3814 972 3872 est
1006 3808 1135 3894 absque
1168 3809 1368 3876 inventione

227 3933 406 4015 iudicium,
431 3933 520 3998 sicut
543 3940 578 3998 ct
602 3933 689 3999 alius
713 3939 823 3999 artem
846 3932 1051 3999 numerandi
1075 3934 1148 4000 sine
1172 3935 1366 4000 numerabi-

226 4058 316 4123 libus
335 4059 475 4124 inanem
493 4058 722 4144 profitebitur.
743 4058 801 4123 Sic
819 4058 930 4143 igitur
946 4059 1031 4125 mihi
1048 4060 1156 4126 altero
1174 4061 1260 4147 pede
1277 4060 1366 4125 clau·

319 4351 348 4397 ll
365 4351 477 4412 possint
493 4350 517 4395 (ἒ
580 4350 852 4412 l¹lauteiri,seI’A
917 4350 949 4399 16
965 4349 1030 4416 qua]
1048 4350 1125 4414 quod
1144 4351 1167 4397 (ι’
1233 4352 1263 4398 18
1279 4352 1368 4400 conti·

225 4435 343 4493 nentur,
359 4436 389 4478 et
400 4429 452 4478 Ao·
516 4429 546 4477 ‘21
563 4427 663 4478 HocG
730 4431 762 4479 23
778 4428 945 4480 suboscuris
960 4430 986 4479 P
