3390 5122
265 387 325 446 288
565 410 567 415 r
705 399 843 444 rounam
865 399 966 445 aavru

264 548 305 614 V.
325 547 372 611 Et
391 548 472 633 quia
491 547 671 614 dissidium
689 547 780 613 tanti
800 567 911 612 orvmn
930 569 1117 634 perennem

265 672 474 738 Disturbans
493 696 613 760 pacem
630 695 768 760 prorsus
788 695 859 738 non
876 672 1035 738 imminet
1051 672 1171 738 ullum.

264 798 305 864 V.
323 799 435 863 Parni
455 804 507 864 est
524 805 702 886 praeterea
722 798 795 863 sine
812 798 880 863 fine
899 798 1032 863 excelsa
1050 804 1205 886 potestas

266 923 342 1000 Qua
360 922 457 1011 viget
476 931 511 989 et
529 930 662 1011 perstat
678 922 823 1007 factum,
843 921 1060 1009 nihilumque
1079 931 1251 1010 repugnat

221 1051 242 1115 ὅ
265 1048 437 1114 Produoto
454 1048 630 1114 immenso.
648 1049 707 1115 VI.
728 1048 829 1127 Quod
844 1055 879 1114 et
898 1048 972 1114 eius
991 1047 1088 1113 venit
1108 1070 1150 1113 ΑΒ
1168 1069 1234 1114 ona

265 1174 373 1240 Cuius
391 1174 497 1240 verba
516 1181 672 1257 manent,
691 1173 795 1260 parili
815 1196 951 1260 quoque
970 1180 1061 1239 sorte
1080 1180 1283 1260 perennant.

266 1299 344 1366 VII.
366 1299 448 1364 Esse
467 1322 543 1366 reor
562 1299 720 1385 dignum,
741 1298 823 1385 quia
839 1316 980 1365 nneuvn
999 1305 1050 1364 est
1067 1299 1175 1384 illius,
1196 1306 1301 1385 atque

267 1423 441 1489 Indicium
460 1424 629 1489 bonitatis
648 1423 755 1507 adest,
777 1423 947 1512 ternplum
967 1432 1071 1510 atque
1090 1422 1201 1490 honor
1220 1422 1312 1489 altus

265 1551 439 1636 Corporea
458 1550 558 1616 nobis
582 1549 695 1637 speeie
719 1550 768 1616 eie
787 1548 1033 1637 suspiciendus,

201 1668 243 1733 10
265 1674 362 1740 VIII.
383 1675 565 1740 Praeterea
583 1682 694 1742 totum
713 1695 797 1740 rnre
814 1697 885 1741 non
905 1673 1078 1759 subditur,
1098 1674 1196 1759 atqui

266 1799 513 1887 Quodcumque
532 1800 624 1866 haud
642 1801 799 1888 proprie,
819 1808 855 1865 at
873 1799 1066 1888 peregrinis
1084 1806 1136 1865 est
1155 1798 1344 1865 elementis.

265 1924 329 1988 IX.
350 1925 564 2002 Quinetiam
581 1925 819 2012 quodcumque
838 1925 930 2012 perit
947 1945 1113 1991 raorvers
1133 1927 1312 1991 elementis

266 2049 497 2137 Constiterat,
518 2074 605 2138 quae
622 2052 707 2118 elias
726 2052 802 2118 ideo
818 2052 984 2117 labuntur
1003 2051 1040 2116 in
1059 2074 1145 2118 oras.

267 2175 373 2243 Porro
392 2178 479 2244 alies
494 2184 591 2244 extra
610 2185 723 2245 totum
743 2178 819 2265 quis
838 2176 966 2243 dixerit
985 2178 1087 2243 oras?

203 2296 243 2359 15
268 2306 342 2383 Quo
363 2328 397 2370 se
416 2304 585 2392 porripiet
604 2310 716 2369 totum
735 2310 895 2391 partesve
911 2303 992 2388 quia
1012 2308 1108 2368 extra
1128 2303 1209 2369 hino

268 2430 436 2496 Nativum
456 2428 613 2513 effluitet,
634 2428 923 2516 peregrinumque
942 2427 1068 2494 influat
1087 2427 1209 2494 illine?

268 2559 439 2644 Perpetuo
459 2579 635 2623 remanere
655 2555 752 2622 decet
771 2555 943 2622 contraria
963 2556 1000 2620 in
1018 2555 1108 2643 ips0,

267 2682 413 2747 Plenum
432 2703 579 2768 namque
599 2681 739 2748 aliunde
755 2681 844 2747 nihil
860 2688 980 2749 contra
996 2688 1048 2747 est
1063 2682 1119 2746 vel
1136 2680 1247 2746 inane.

266 2808 312 2872 X.
332 2809 456 2873 Postea
472 2807 500 2872 si
517 2808 680 2873 interitus
700 2807 810 2890 venit,
831 2814 892 2872 aut
913 2806 1009 2872 venit
1028 2829 1048 2872 n
1066 2826 1218 2872 anamma

201 2922 246 2984 ‘20
268 2933 432 3016 Externa,
454 2940 489 2999 et
508 2933 556 2999 sic
572 2956 645 2999 esse
663 2933 799 3020 nequit,
816 2955 878 2998 ceu
893 2933 1051 3019 proxima
1070 2938 1274 2998 monstrant.

268 3059 340 3124 Neo
359 3060 463 3124 timeo
480 3059 669 3142 internum,
687 3059 768 3145 quia
787 3066 857 3123 stat
876 3066 1001 3124 natura
1020 3057 1157 3145 potenti

269 3185 396 3250 Mentis
415 3185 587 3272 principio
607 3184 736 3268 activa,
756 3191 807 3249 est
827 3206 962 3270 quoque
981 3183 1138 3249 materiei

268 3311 433 3397 Prompta
451 3310 629 3376 facultatis
647 3309 773 3393 virtus,
794 3309 941 3394 finisque
961 3315 1119 3374 coercent

269 3434 411 3501 Omnia:
428 3437 691 3522 necquicquam
712 3434 845 3522 proprii
865 3434 996 3500 ordinis
1015 3433 1115 3500 exilit
1134 3438 1231 3498 extra

202 3560 246 3624 25
269 3562 444 3644 (erroan)
463 3560 522 3626 sed
541 3560 696 3627 velutad
715 3560 820 3626 maris
838 3559 955 3625 omnia
973 3558 1117 3625 flumina
1136 3557 1298 3642 tendunt,

270 3685 321 3750 De
337 3685 441 3750 maris
458 3691 497 3750 ut
515 3693 670 3750 remeant
688 3687 807 3751 eadem
826 3708 962 3772 queque
978 3692 1102 3750 cuneta
1120 3682 1309 3770 profundo,

270 3811 492 3896 Circuituque
510 3811 631 3897 vigent
650 3819 803 3895 aeterno,
823 3819 927 3896 atque
944 3809 1175 3876 adnihilatam

270 3936 329 4001 Nil
348 3936 506 4022 estquod
523 3936 653 4021 videas,
671 3944 705 4002 et
724 3960 871 4002 massam
888 3943 1013 4002 cuncta
1032 3942 1212 3999 resumunt

270 4062 358 4127 Tum
375 4061 512 4128 demum
528 4061 721 4149 propriarn;
740 4062 822 4148 quia
841 4062 869 4127 si
890 4062 1063 4127 contraria
1082 4060 1193 4126 virtus

203 4189 248 4253 30
270 4187 430 4271 Deficiet,
450 4188 546 4254 nullo
566 4187 756 4253 nutrimine
776 4187 892 4252 deficit
911 4210 1019 4252 unum

363 4459 395 4509 12
411 4459 580 4525 quodcuqnc
646 4460 675 4508 la
693 4457 839 4523 porripiot]
855 4457 892 4507 sic
