3390 5122
338 394 397 454 100
776 405 915 455 mansur
937 406 1037 457 aavni

335 565 460 631 dinem.
484 566 604 652 Imago
628 566 720 632 enim
742 566 822 654 plus
841 567 973 633 accedit
992 567 1036 632 ad
1054 566 1347 651 univocationem,
1367 588 1472 651 quam

335 691 536 756 similitudo
556 690 692 756 Similia
720 691 812 757 enim
840 691 1006 757 differunt
1024 714 1093 758 non
1122 693 1232 758 solnm
1252 715 1338 777 quae
1367 691 1405 756 in
1424 712 1477 756 eo-

336 815 413 882 dem
435 838 573 902 genere,
598 815 657 882 sed
680 823 715 884 et
739 839 825 902 quae
848 824 946 882 extra
963 839 1083 904 genus.
1104 816 1202 883 Sicut
1229 823 1265 881 et
1288 815 1474 882 artificium

336 941 448 1007 simile
465 941 593 1007 dicitur
606 941 855 1027 quodammodo
867 941 1005 1026 artifici,
1019 964 1090 1008 non
1107 949 1226 1008 tamen
1243 941 1372 1007 adeius
1390 941 1475 1006 ima·

291 1075 313 1139 5
334 1067 451 1153 ginem
469 1068 526 1133 vel
544 1067 582 1133 11
601 1066 673 1134 eius
692 1067 845 1155 imagine
864 1068 1003 1152 dicitur,
1024 1068 1093 1134 nisi
1110 1069 1166 1133 vel
1191 1068 1229 1132 in
1244 1068 1402 1155 proximo
1416 1088 1476 1151 ge·

335 1214 417 1258 nere
442 1192 499 1258 vel
515 1192 553 1258 in
576 1192 694 1259 eadem
712 1193 760 1259 sit
775 1193 896 1280 specie.

691 1450 844 1519 uAPvr
878 1451 1116 1530 Qvaarvn.

466 1595 539 1636 011111
554 1600 662 1637 acumen
676 1596 705 1636 ad
721 1596 805 1637 1111111
819 1608 899 1638 sensns
913 1602 937 1638 11
951 1598 980 1638 ad
994 1597 1095 1638 tribunal
1109 1597 1170 1636 visus
1184 1595 1346 1636 revocandum.

424 1801 466 1866 In
482 1809 556 1868 arte
567 1800 632 1867 hac
644 1801 760 1868 omnia
772 1801 836 1868 sub
848 1801 988 1867 nomine
1000 1800 1164 1887 imaginis
1179 1798 1293 1866 solent
1306 1801 1475 1888 usurpari,

270 1934 312 1999 10
334 1926 409 1992 sive
436 1934 538 1993 notae
559 1928 631 1993 sive
654 1927 755 2014 signa
777 1928 850 1994 sive
878 1926 1006 1993 indicia
1032 1927 1105 1992 sive
1128 1926 1338 1992 commodius
1363 1933 1397 1991 et
1416 1926 1476 1992 ali-

333 2058 387 2118 ter
408 2053 569 2140 proprius
589 2052 854 2137 nominitantur,
875 2052 965 2138 quod
983 2051 1125 2140 propria
1149 2051 1282 2118 ratione
1303 2053 1308 2134 Ι
1328 2073 1399 2117 1111
1422 2074 1474 2116 ca-
1498 2053 1532 2118 '7

332 2199 407 2242 1111
419 2176 621 2264 diligentius
632 2201 704 2244 rem
716 2178 828 2265 ipsam
840 2176 1134 2265 perpendentibus
1145 2177 1336 2265 apparebit.
1350 2175 1475 2242 Omnia

332 2302 425 2368 enim
447 2304 751 2390 quomodocunque
772 2303 969 2391 significent
986 2310 1021 2369 11
1041 2309 1317 2391 repraesentent,
1336 2303 1380 2369 ad
1403 2327 1478 2390 spe·

333 2427 420 2493 ciem
434 2451 536 2495 sensu
555 2429 897 2517 comprehensibilem
913 2435 1121 2495 revocantur
1140 2438 1175 2496 et
1199 2429 1418 2513 reducuntur,
1440 2436 1475 2494 et

269 2567 310 2631 15
333 2553 486 2620 omnium
502 2555 694 2642 specierum
713 2555 929 2621 sensibilium
949 2578 1076 2641 genera
1096 2554 1139 2620 ad
1161 2554 1330 2638 visibiles,
1348 2577 1472 2640 nempe

332 2678 570 2746 vivacissimas
586 2686 620 2746 11
633 2680 886 2748 efficacissimas
899 2681 1042 2769 speciae,
1055 2680 1192 2749 demum
1205 2680 1457 2747 contrahuntur
1468 2703 1474 2762 ;

330 2803 425 2871 visus
444 2805 537 2871 enim
553 2805 852 2893 spiritualissimus
871 2829 1033 2872 sensuum
1048 2807 1287 2873 universorum
1297 2811 1358 2871 est.
1374 2804 1472 2883 Quod

331 2927 434 2994 facile
454 2931 649 3017 apparebit,
670 2930 807 3017 quando
823 2931 951 3018 gradus
968 2932 1093 3016 quibus
1108 2932 1168 2997 isti
1184 2931 1227 2997 ad
1245 2932 1380 2997 obiecta
1396 2952 1472 3018 pro·

331 3054 408 3142 pria
430 3054 627 3123 referuntur
655 3056 936 3123 examinabimus.
956 3057 1083 3123 Tactus
1102 3057 1211 3141 enim,
1230 3063 1305 3121 tum
1324 3055 1471 3122 internis

265 3188 310 3253 20
332 3185 406 3247 tum
425 3183 576 3249 externis
595 3184 746 3269 organis,
769 3196 844 3250 tum
862 3183 1040 3250 haerentia
1058 3191 1133 3248 tum
1151 3184 1372 3270 penetrantia
1392 3205 1471 3248 con-

331 3307 432 3395 cipit,
452 3316 573 3396 gustus
601 3310 779 3377 haerentia
802 3317 957 3392 tantum,
982 3308 1129 3377 olfactus
1152 3309 1360 3375 eminentius
1383 3309 1472 3396 posi·

330 3443 444 3503 torum
461 3437 604 3525 spiritus
628 3461 648 3505 a
667 3460 807 3526 corpore
823 3437 977 3521 diffusos,
998 3436 1137 3502 auditus
1155 3436 1258 3524 longe
1278 3435 1469 3520 semotiora,

330 3563 424 3628 visus
439 3583 520 3628 vero
540 3561 768 3628 semotissima
785 3561 1041 3649 promptissime
1060 3560 1331 3648 comprehendit,
1345 3565 1379 3624 et
1392 3559 1468 3625 ideo

329 3688 394 3753 hoc
407 3711 509 3755 sensu
528 3688 742 3775 apprehensa
757 3688 872 3753 animo
889 3686 1025 3753 facilius
1037 3709 1237 3754 revocamus
1250 3694 1284 3752 et
1297 3686 1469 3752 efficacius

263 3821 307 3886 25
330 3815 517 3880 retinemus
540 3837 644 3900 quam
661 3815 746 3898 aliis,
764 3821 798 3879 et
816 3836 878 3901 per
896 3812 998 3879 huius
1025 3837 1145 3881 sensus
1170 3815 1305 3880 obiecta
1322 3813 1469 3879 aliorum

329 3947 404 4005 tum
431 3963 592 4006 sensuum
620 3948 695 4006 tum
715 3961 1006 4025 quarumcumque
1025 3938 1264 4027 appetentium
1288 3946 1322 4004 et
1347 3961 1471 4026 cogno-

329 4066 497 4132 scentium
520 4066 728 4132 facultatum
747 4065 880 4130 obiecta
897 4065 1144 4153 significamus,
1166 4065 1255 4131 sicut
1271 4065 1470 4132 visibilibus

329 4191 455 4257 litteris
475 4192 592 4258 omnia
608 4191 833 4257 describimus
850 4198 885 4256 11
908 4191 1092 4279 aperimus.

421 4387 572 4438 1011111111
636 4390 664 4436 11
682 4388 823 4453 proprius]
843 4387 961 4454 propius
1026 4388 1056 4438 13
1072 4389 1310 4453 quomodocuquo
1373 4389 1469 4442 1411·

331 4472 483 4519 vocantur:
498 4473 528 4519 11
590 4466 620 4518 21
637 4466 799 4519 cmimotius
