<?xml version="1.0" encoding="UTF-8"?>
<!DOCTYPE html PUBLIC "-//W3C//DTD XHTML 1.0 Transitional//EN"
    "http://www.w3.org/TR/xhtml1/DTD/xhtml1-transitional.dtd">
<html xmlns="http://www.w3.org/1999/xhtml" xml:lang="en" lang="en">
 <head>
  <title>
</title>
<meta http-equiv="Content-Type" content="text/html;charset=utf-8" />
  <meta name='ocr-system' content='tesseract 3.04.00' />
  <meta name='ocr-capabilities' content='ocr_page ocr_carea ocr_par ocr_line ocrx_word'/>
</head>
<body>
  <div class='ocr_page' id='page_1' title='image "./jordanibruninol00brungoog_0414.png"; bbox 0 0 3390 5122; ppageno 0'>
   <div class='ocr_carea' id='block_1_1' title="bbox 559 423 1364 499">
    <p class='ocr_par' dir='ltr' id='par_1_1' title="bbox 559 423 1364 499">
     <span class='ocr_line' id='line_1_1' title="bbox 559 423 1364 499; baseline 0.001 -19"><span class='ocrx_word' id='word_1_1' title='bbox 559 438 755 482; x_wconf 68' lang='lat' dir='ltr'><strong>na&#39;rrriaivn</strong></span> <span class='ocrx_word' id='word_1_2' title='bbox 776 437 980 499; x_wconf 72' lang='lat' dir='ltr'><strong>raucarum,</strong></span> <span class='ocrx_word' id='word_1_3' title='bbox 1003 439 1037 483; x_wconf 89' lang='lat'><strong>11.</strong></span> <span class='ocrx_word' id='word_1_4' title='bbox 1305 423 1364 481; x_wconf 80' lang='grc'><strong>399</strong></span> 
     </span>
    </p>
   </div>
   <div class='ocr_carea' id='block_1_2' title="bbox 220 592 1365 1061">
    <p class='ocr_par' dir='ltr' id='par_1_2' title="bbox 220 592 1365 1061">
     <span class='ocr_line' id='line_1_2' title="bbox 220 592 1362 681; baseline 0.005 -25"><span class='ocrx_word' id='word_1_5' title='bbox 220 592 294 676; x_wconf 92' lang='lat' dir='ltr'><strong>lus,</strong></span> <span class='ocrx_word' id='word_1_6' title='bbox 321 594 524 679; x_wconf 77' lang='lat' dir='ltr'><strong>infidelitas,</strong></span> <span class='ocrx_word' id='word_1_7' title='bbox 556 594 826 681; x_wconf 73' lang='lat' dir='ltr'><strong>turpiloquium,</strong></span> <span class='ocrx_word' id='word_1_8' title='bbox 862 593 1124 679; x_wconf 84' lang='lat' dir='ltr'><strong>vaniloquium,</strong></span> <span class='ocrx_word' id='word_1_9' title='bbox 1153 595 1362 680; x_wconf 87' lang='lat' dir='ltr'><strong>loquacitas,</strong></span> 
     </span>
     <span class='ocr_line' id='line_1_3' title="bbox 221 719 1365 806; baseline 0.004 -24"><span class='ocrx_word' id='word_1_10' title='bbox 221 719 427 802; x_wconf 87' lang='lat' dir='ltr'><strong>scurrilitas,</strong></span> <span class='ocrx_word' id='word_1_11' title='bbox 462 720 704 803; x_wconf 85' lang='lat' dir='ltr'><strong>murmuratie,</strong></span> <span class='ocrx_word' id='word_1_12' title='bbox 739 741 911 803; x_wconf 87' lang='lat' dir='ltr'><strong>susurrus,</strong></span> <span class='ocrx_word' id='word_1_13' title='bbox 942 719 1170 806; x_wconf 90' lang='lat' dir='ltr'><strong>blasphemia,</strong></span> <span class='ocrx_word' id='word_1_14' title='bbox 1197 720 1365 788; x_wconf 87' lang='lat' dir='ltr'><strong>detracta·</strong></span> 
     </span>
     <span class='ocr_line' id='line_1_4' title="bbox 220 846 1365 932; baseline 0.003 -23"><span class='ocrx_word' id='word_1_15' title='bbox 220 846 283 928; x_wconf 86' lang='lat' dir='ltr'><strong>tin,</strong></span> <span class='ocrx_word' id='word_1_16' title='bbox 308 847 477 932; x_wconf 90' lang='lat' dir='ltr'><strong>adulati0,</strong></span> <span class='ocrx_word' id='word_1_17' title='bbox 497 849 684 915; x_wconf 70' lang='lat' dir='ltr'><strong>assentatio</strong></span> <span class='ocrx_word' id='word_1_18' title='bbox 708 854 743 912; x_wconf 88' lang='lat' dir='ltr'><strong>et</strong></span> <span class='ocrx_word' id='word_1_19' title='bbox 762 847 900 913; x_wconf 88' lang='lat' dir='ltr'><strong>similia.</strong></span> <span class='ocrx_word' id='word_1_20' title='bbox 921 846 1053 925; x_wconf 83' lang='lat' dir='ltr'><strong>Quibus</strong></span> <span class='ocrx_word' id='word_1_21' title='bbox 1073 847 1264 914; x_wconf 86' lang='lat' dir='ltr'><strong>contrariae</strong></span> <span class='ocrx_word' id='word_1_22' title='bbox 1283 853 1365 913; x_wconf 91' lang='lat' dir='ltr'><strong>sunt</strong></span> 
     </span>
     <span class='ocr_line' id='line_1_5' title="bbox 220 971 1273 1061; baseline 0.002 -26"><span class='ocrx_word' id='word_1_23' title='bbox 220 971 383 1056; x_wconf 78' lang='lat' dir='ltr'><strong>virtutae,</strong></span> <span class='ocrx_word' id='word_1_24' title='bbox 404 982 438 1039; x_wconf 89' lang='lat' dir='ltr'><strong>et</strong></span> <span class='ocrx_word' id='word_1_25' title='bbox 456 975 506 1040; x_wconf 89' lang='lat' dir='ltr'><strong>sie</strong></span> <span class='ocrx_word' id='word_1_26' title='bbox 524 997 586 1061; x_wconf 85' lang='lat' dir='ltr'><strong>per</strong></span> <span class='ocrx_word' id='word_1_27' title='bbox 604 972 777 1039; x_wconf 86' lang='lat' dir='ltr'><strong>contraria</strong></span> <span class='ocrx_word' id='word_1_28' title='bbox 793 972 912 1038; x_wconf 86' lang='lat' dir='ltr'><strong>eadem</strong></span> <span class='ocrx_word' id='word_1_29' title='bbox 932 972 1031 1059; x_wconf 90' lang='lat' dir='ltr'><strong>copia</strong></span> <span class='ocrx_word' id='word_1_30' title='bbox 1047 972 1273 1039; x_wconf 82' lang='lat' dir='ltr'><strong>laudabimus.</strong></span> 
     </span>
    </p>
   </div>
   <div class='ocr_carea' id='block_1_3' title="bbox 675 1233 905 1298">
    <p class='ocr_par' dir='ltr' id='par_1_3' title="bbox 675 1233 905 1298">
     <span class='ocr_line' id='line_1_6' title="bbox 675 1233 905 1298; baseline 0 -1"><span class='ocrx_word' id='word_1_31' title='bbox 675 1233 773 1298; x_wconf 85' lang='lat' dir='ltr'>CAP.</span> <span class='ocrx_word' id='word_1_32' title='bbox 810 1233 905 1298; x_wconf 91' lang='lat' dir='ltr'>XIV.</span> 
     </span>
    </p>
   </div>
   <div class='ocr_carea' id='block_1_4' title="bbox 487 1381 1095 1432">
    <p class='ocr_par' dir='ltr' id='par_1_4' title="bbox 487 1381 1095 1432">
     <span class='ocr_line' id='line_1_7' title="bbox 487 1381 1095 1432; baseline -0.002 -12"><span class='ocrx_word' id='word_1_33' title='bbox 487 1382 521 1420; x_wconf 83' lang='lat' dir='ltr'><strong>Dc</strong></span> <span class='ocrx_word' id='word_1_34' title='bbox 536 1381 591 1420; x_wconf 84' lang='lat' dir='ltr'><strong>locis</strong></span> <span class='ocrx_word' id='word_1_35' title='bbox 603 1382 632 1419; x_wconf 81' lang='lat' dir='ltr'><strong>ad</strong></span> <span class='ocrx_word' id='word_1_36' title='bbox 646 1393 717 1431; x_wconf 76' lang='lat' dir='ltr'><strong>genus</strong></span> <span class='ocrx_word' id='word_1_37' title='bbox 731 1382 911 1422; x_wconf 75' lang='lat' dir='ltr'><strong>dellheratlvum·</strong></span> <span class='ocrx_word' id='word_1_38' title='bbox 920 1381 1095 1432; x_wconf 76' lang='lat' dir='ltr'><strong>pcrtinentibus.</strong></span> 
     </span>
    </p>
   </div>
   <div class='ocr_carea' id='block_1_5' title="bbox 153 1584 1544 3682">
    <p class='ocr_par' dir='ltr' id='par_1_5' title="bbox 221 1584 1363 1924">
     <span class='ocr_line' id='line_1_8' title="bbox 310 1584 1363 1672; baseline 0.001 -22"><span class='ocrx_word' id='word_1_39' title='bbox 310 1587 420 1668; x_wconf 89' lang='lat' dir='ltr'><strong>Loca,</strong></span> <span class='ocrx_word' id='word_1_40' title='bbox 450 1592 490 1651; x_wconf 87' lang='lat' dir='ltr'><strong>ut</strong></span> <span class='ocrx_word' id='word_1_41' title='bbox 526 1608 629 1672; x_wconf 85' lang='lat' dir='ltr'><strong>supra</strong></span> <span class='ocrx_word' id='word_1_42' title='bbox 664 1584 796 1651; x_wconf 90' lang='lat' dir='ltr'><strong>dictum</strong></span> <span class='ocrx_word' id='word_1_43' title='bbox 830 1592 898 1668; x_wconf 88' lang='lat' dir='ltr'><strong>cst,</strong></span> <span class='ocrx_word' id='word_1_44' title='bbox 932 1584 1196 1651; x_wconf 86' lang='lat' dir='ltr'><strong>demonstrativi</strong></span> <span class='ocrx_word' id='word_1_45' title='bbox 1227 1586 1363 1672; x_wconf 86' lang='lat' dir='ltr'><strong>generis</strong></span> 
     </span>
     <span class='ocr_line' id='line_1_9' title="bbox 222 1710 1362 1798; baseline -0.001 -21"><span class='ocrx_word' id='word_1_46' title='bbox 222 1712 327 1777; x_wconf 87' lang='lat' dir='ltr'><strong>etiam</strong></span> <span class='ocrx_word' id='word_1_47' title='bbox 348 1710 491 1775; x_wconf 87' lang='lat' dir='ltr'><strong>caeteris</strong></span> <span class='ocrx_word' id='word_1_48' title='bbox 511 1711 706 1776; x_wconf 87' lang='lat' dir='ltr'><strong>eommunia</strong></span> <span class='ocrx_word' id='word_1_49' title='bbox 728 1711 912 1793; x_wconf 87' lang='lat' dir='ltr'><strong>generibus</strong></span> <span class='ocrx_word' id='word_1_50' title='bbox 936 1716 1015 1798; x_wconf 91' lang='lat' dir='ltr'><strong>post</strong></span> <span class='ocrx_word' id='word_1_51' title='bbox 1038 1734 1073 1776; x_wconf 88' lang='lat' dir='ltr'><strong>se</strong></span> <span class='ocrx_word' id='word_1_52' title='bbox 1097 1710 1255 1775; x_wconf 88' lang='lat' dir='ltr'><strong>ordinate</strong></span> <span class='ocrx_word' id='word_1_53' title='bbox 1279 1711 1362 1776; x_wconf 85' lang='lat' dir='ltr'><strong>reci-</strong></span> 
     </span>
     <span class='ocr_line' id='line_1_10' title="bbox 221 1835 1363 1924; baseline -0.001 -23"><span class='ocrx_word' id='word_1_54' title='bbox 221 1837 323 1924; x_wconf 85' lang='lat' dir='ltr'><strong>piunt</strong></span> <span class='ocrx_word' id='word_1_55' title='bbox 342 1835 561 1901; x_wconf 85' lang='lat' dir='ltr'><strong>deliberativi</strong></span> <span class='ocrx_word' id='word_1_56' title='bbox 579 1835 715 1921; x_wconf 89' lang='lat' dir='ltr'><strong>generis</strong></span> <span class='ocrx_word' id='word_1_57' title='bbox 735 1835 823 1917; x_wconf 85' lang='lat' dir='ltr'><strong>loca,</strong></span> <span class='ocrx_word' id='word_1_58' title='bbox 846 1842 967 1922; x_wconf 85' lang='lat' dir='ltr'><strong>utpote</strong></span> <span class='ocrx_word' id='word_1_59' title='bbox 986 1835 1028 1900; x_wconf 84' lang='lat' dir='ltr'><strong>(le</strong></span> <span class='ocrx_word' id='word_1_60' title='bbox 1047 1856 1194 1920; x_wconf 90' lang='lat' dir='ltr'><strong>quorum</strong></span> <span class='ocrx_word' id='word_1_61' title='bbox 1217 1835 1363 1902; x_wconf 88' lang='lat' dir='ltr'><strong>materia</strong></span> 
     </span>
    </p>

    <p class='ocr_par' dir='ltr' id='par_1_6' title="bbox 156 1960 1544 2549">
     <span class='ocr_line' id='line_1_11' title="bbox 156 1960 1544 2048; baseline -0.001 -21"><span class='ocrx_word' id='word_1_62' title='bbox 156 1963 199 2027; x_wconf 93' lang='grc'><strong>10</strong></span> <span class='ocrx_word' id='word_1_63' title='bbox 221 1970 272 2027; x_wconf 91' lang='lat' dir='ltr'><strong>est</strong></span> <span class='ocrx_word' id='word_1_64' title='bbox 291 1961 475 2026; x_wconf 87' lang='lat' dir='ltr'><strong>dicendum</strong></span> <span class='ocrx_word' id='word_1_65' title='bbox 494 1961 549 2026; x_wconf 92' lang='lat' dir='ltr'><strong>vel</strong></span> <span class='ocrx_word' id='word_1_66' title='bbox 569 1960 764 2044; x_wconf 86' lang='lat' dir='ltr'><strong>tacendum,</strong></span> <span class='ocrx_word' id='word_1_67' title='bbox 781 1960 978 2047; x_wconf 87' lang='lat' dir='ltr'><strong>eligendum</strong></span> <span class='ocrx_word' id='word_1_68' title='bbox 994 1961 1051 2026; x_wconf 91' lang='lat' dir='ltr'><strong>vel</strong></span> <span class='ocrx_word' id='word_1_69' title='bbox 1072 1965 1076 2046; x_wconf 79' lang='grc' dir='ltr'>Ι</span> <span class='ocrx_word' id='word_1_70' title='bbox 1097 1961 1362 2048; x_wconf 87' lang='lat' dir='ltr'><strong>repudiandum,</strong></span> <span class='ocrx_word' id='word_1_71' title='bbox 1389 1970 1489 2034; x_wconf 60' lang='lat'><strong>174</strong></span> <span class='ocrx_word' id='word_1_72' title='bbox 1503 1967 1544 2034; x_wconf 83' lang='lat' dir='ltr'>G</span> 
     </span>
     <span class='ocr_line' id='line_1_12' title="bbox 221 2086 1362 2173; baseline 0.001 -21"><span class='ocrx_word' id='word_1_73' title='bbox 221 2086 419 2152; x_wconf 86' lang='lat' dir='ltr'><strong>faciendum</strong></span> <span class='ocrx_word' id='word_1_74' title='bbox 441 2087 498 2151; x_wconf 89' lang='lat' dir='ltr'><strong>vel</strong></span> <span class='ocrx_word' id='word_1_75' title='bbox 521 2086 882 2173; x_wconf 84' lang='lat' dir='ltr'><strong>praetermittemlum,</strong></span> <span class='ocrx_word' id='word_1_76' title='bbox 907 2109 1052 2172; x_wconf 89' lang='lat' dir='ltr'><strong>quorum</strong></span> <span class='ocrx_word' id='word_1_77' title='bbox 1078 2087 1231 2153; x_wconf 90' lang='lat' dir='ltr'><strong>omnium</strong></span> <span class='ocrx_word' id='word_1_78' title='bbox 1260 2109 1362 2172; x_wconf 90' lang='lat' dir='ltr'><strong>gene·</strong></span> 
     </span>
     <span class='ocr_line' id='line_1_13' title="bbox 221 2211 1365 2299; baseline 0 -21"><span class='ocrx_word' id='word_1_79' title='bbox 221 2212 308 2278; x_wconf 88' lang='lat' dir='ltr'><strong>ralia</strong></span> <span class='ocrx_word' id='word_1_80' title='bbox 326 2212 401 2279; x_wconf 89' lang='lat' dir='ltr'><strong>loca</strong></span> <span class='ocrx_word' id='word_1_81' title='bbox 421 2220 518 2278; x_wconf 88' lang='lat' dir='ltr'><strong>sunt:</strong></span> <span class='ocrx_word' id='word_1_82' title='bbox 538 2211 748 2299; x_wconf 87' lang='lat' dir='ltr'><strong>legitimum,</strong></span> <span class='ocrx_word' id='word_1_83' title='bbox 768 2211 868 2296; x_wconf 89' lang='lat' dir='ltr'><strong>utile,</strong></span> <span class='ocrx_word' id='word_1_84' title='bbox 889 2211 1085 2298; x_wconf 84' lang='lat' dir='ltr'><strong>honestum,</strong></span> <span class='ocrx_word' id='word_1_85' title='bbox 1111 2213 1286 2299; x_wconf 87' lang='lat' dir='ltr'><strong>possibile,</strong></span> <span class='ocrx_word' id='word_1_86' title='bbox 1308 2234 1365 2278; x_wconf 89' lang='lat' dir='ltr'><strong>ne-</strong></span> 
     </span>
     <span class='ocr_line' id='line_1_14' title="bbox 221 2336 1363 2422; baseline 0.001 -20"><span class='ocrx_word' id='word_1_87' title='bbox 221 2337 418 2418; x_wconf 86' lang='lat' dir='ltr'><strong>cessarium,</strong></span> <span class='ocrx_word' id='word_1_88' title='bbox 440 2336 637 2402; x_wconf 86' lang='lat' dir='ltr'><strong>ineundum.</strong></span> <span class='ocrx_word' id='word_1_89' title='bbox 659 2336 830 2422; x_wconf 84' lang='lat' dir='ltr'><strong>Specialia</strong></span> <span class='ocrx_word' id='word_1_90' title='bbox 849 2359 930 2402; x_wconf 80' lang='lat' dir='ltr'><strong>vero</strong></span> <span class='ocrx_word' id='word_1_91' title='bbox 950 2337 1025 2403; x_wconf 88' lang='lat' dir='ltr'><strong>loca</strong></span> <span class='ocrx_word' id='word_1_92' title='bbox 1040 2346 1137 2403; x_wconf 90' lang='lat' dir='ltr'><strong>sunt:</strong></span> <span class='ocrx_word' id='word_1_93' title='bbox 1152 2337 1289 2403; x_wconf 90' lang='lat' dir='ltr'><strong>ordines</strong></span> <span class='ocrx_word' id='word_1_94' title='bbox 1304 2361 1363 2404; x_wconf 87' lang='lat' dir='ltr'><strong>seu</strong></span> 
     </span>
     <span class='ocr_line' id='line_1_15' title="bbox 221 2460 1361 2549; baseline 0.001 -24"><span class='ocrx_word' id='word_1_95' title='bbox 221 2468 374 2541; x_wconf 86' lang='lat' dir='ltr'><strong>exortus,</strong></span> <span class='ocrx_word' id='word_1_96' title='bbox 398 2461 530 2527; x_wconf 81' lang='lat' dir='ltr'><strong>occasio</strong></span> <span class='ocrx_word' id='word_1_97' title='bbox 557 2460 710 2547; x_wconf 86' lang='lat' dir='ltr'><strong>dirigens</strong></span> <span class='ocrx_word' id='word_1_98' title='bbox 734 2484 793 2526; x_wconf 90' lang='lat' dir='ltr'><strong>seu</strong></span> <span class='ocrx_word' id='word_1_99' title='bbox 817 2462 975 2545; x_wconf 87' lang='lat' dir='ltr'><strong>directi0,</strong></span> <span class='ocrx_word' id='word_1_100' title='bbox 1000 2462 1069 2546; x_wconf 87' lang='lat' dir='ltr'><strong>via,</strong></span> <span class='ocrx_word' id='word_1_101' title='bbox 1094 2470 1208 2549; x_wconf 86' lang='lat' dir='ltr'><strong>porta,</strong></span> <span class='ocrx_word' id='word_1_102' title='bbox 1234 2462 1361 2543; x_wconf 84' lang='lat' dir='ltr'><strong>aditus,</strong></span> 
     </span>
    </p>

    <p class='ocr_par' dir='ltr' id='par_1_7' title="bbox 157 2585 1363 3178">
     <span class='ocr_line' id='line_1_16' title="bbox 157 2585 1362 2674; baseline 0.002 -24"><span class='ocrx_word' id='word_1_103' title='bbox 157 2594 197 2658; x_wconf 76' lang='lat'><strong>15</strong></span> <span class='ocrx_word' id='word_1_104' title='bbox 220 2585 353 2669; x_wconf 89' lang='lat' dir='ltr'><strong>modus,</strong></span> <span class='ocrx_word' id='word_1_105' title='bbox 372 2587 564 2674; x_wconf 85' lang='lat' dir='ltr'><strong>dispositio,</strong></span> <span class='ocrx_word' id='word_1_106' title='bbox 580 2587 743 2670; x_wconf 88' lang='lat' dir='ltr'><strong>facilitas,</strong></span> <span class='ocrx_word' id='word_1_107' title='bbox 761 2587 901 2670; x_wconf 89' lang='lat' dir='ltr'><strong>soluti0,</strong></span> <span class='ocrx_word' id='word_1_108' title='bbox 917 2586 1196 2671; x_wconf 86' lang='lat' dir='ltr'><strong>fundamentum,</strong></span> <span class='ocrx_word' id='word_1_109' title='bbox 1213 2587 1362 2653; x_wconf 85' lang='lat' dir='ltr'><strong>fulcrum</strong></span> 
     </span>
     <span class='ocr_line' id='line_1_17' title="bbox 221 2714 1361 2802; baseline 0.003 -24"><span class='ocrx_word' id='word_1_110' title='bbox 221 2736 281 2778; x_wconf 88' lang='lat' dir='ltr'><strong>seu</strong></span> <span class='ocrx_word' id='word_1_111' title='bbox 308 2714 488 2797; x_wconf 84' lang='lat' dir='ltr'><strong>fulcimen,</strong></span> <span class='ocrx_word' id='word_1_112' title='bbox 510 2715 705 2801; x_wconf 88' lang='lat' dir='ltr'><strong>impellens,</strong></span> <span class='ocrx_word' id='word_1_113' title='bbox 725 2737 929 2802; x_wconf 85' lang='lat' dir='ltr'><strong>provocans,</strong></span> <span class='ocrx_word' id='word_1_114' title='bbox 950 2715 1101 2780; x_wconf 83' lang='lat' dir='ltr'><strong>influxus</strong></span> <span class='ocrx_word' id='word_1_115' title='bbox 1121 2738 1180 2781; x_wconf 89' lang='lat' dir='ltr'><strong>seu</strong></span> <span class='ocrx_word' id='word_1_116' title='bbox 1200 2714 1361 2798; x_wconf 89' lang='lat' dir='ltr'><strong>influens,</strong></span> 
     </span>
     <span class='ocr_line' id='line_1_18' title="bbox 221 2836 1363 2927; baseline 0.003 -25"><span class='ocrx_word' id='word_1_117' title='bbox 221 2836 418 2923; x_wconf 85' lang='lat' dir='ltr'><strong>difficultas,</strong></span> <span class='ocrx_word' id='word_1_118' title='bbox 440 2862 525 2927; x_wconf 87' lang='lat' dir='ltr'><strong>opus</strong></span> <span class='ocrx_word' id='word_1_119' title='bbox 545 2863 605 2905; x_wconf 91' lang='lat' dir='ltr'><strong>seu</strong></span> <span class='ocrx_word' id='word_1_120' title='bbox 624 2848 797 2926; x_wconf 79' lang='lat' dir='ltr'><strong>operator,</strong></span> <span class='ocrx_word' id='word_1_121' title='bbox 813 2841 911 2906; x_wconf 89' lang='lat' dir='ltr'><strong>labor</strong></span> <span class='ocrx_word' id='word_1_122' title='bbox 930 2864 989 2906; x_wconf 90' lang='lat' dir='ltr'><strong>seu</strong></span> <span class='ocrx_word' id='word_1_123' title='bbox 1009 2840 1226 2925; x_wconf 81' lang='lat' dir='ltr'><strong>defatigatio,</strong></span> <span class='ocrx_word' id='word_1_124' title='bbox 1245 2841 1363 2906; x_wconf 88' lang='lat' dir='ltr'><strong>turba-</strong></span> 
     </span>
     <span class='ocr_line' id='line_1_19' title="bbox 220 2965 1363 3054; baseline 0.003 -24"><span class='ocrx_word' id='word_1_125' title='bbox 220 2966 284 3049; x_wconf 86' lang='lat' dir='ltr'><strong>tio,</strong></span> <span class='ocrx_word' id='word_1_126' title='bbox 309 2965 407 3052; x_wconf 87' lang='lat' dir='ltr'><strong>fuga,</strong></span> <span class='ocrx_word' id='word_1_127' title='bbox 432 2966 574 3033; x_wconf 84' lang='lat' dir='ltr'><strong>rebellio</strong></span> <span class='ocrx_word' id='word_1_128' title='bbox 599 2990 657 3033; x_wconf 91' lang='lat' dir='ltr'><strong>seu</strong></span> <span class='ocrx_word' id='word_1_129' title='bbox 681 2967 840 3051; x_wconf 84' lang='lat' dir='ltr'><strong>deflexio,</strong></span> <span class='ocrx_word' id='word_1_130' title='bbox 869 2968 999 3054; x_wconf 88' lang='lat' dir='ltr'><strong>lapsus,</strong></span> <span class='ocrx_word' id='word_1_131' title='bbox 1025 2967 1217 3051; x_wconf 90' lang='lat' dir='ltr'><strong>dissoluti0,</strong></span> <span class='ocrx_word' id='word_1_132' title='bbox 1242 2967 1363 3034; x_wconf 90' lang='lat' dir='ltr'><strong>vincu-</strong></span> 
     </span>
     <span class='ocr_line' id='line_1_20' title="bbox 219 3092 1360 3178; baseline 0.002 -22"><span class='ocrx_word' id='word_1_133' title='bbox 219 3092 304 3173; x_wconf 91' lang='lat' dir='ltr'><strong>lum,</strong></span> <span class='ocrx_word' id='word_1_134' title='bbox 325 3092 434 3157; x_wconf 89' lang='lat' dir='ltr'><strong>nodus</strong></span> <span class='ocrx_word' id='word_1_135' title='bbox 454 3115 513 3157; x_wconf 89' lang='lat' dir='ltr'><strong>seu</strong></span> <span class='ocrx_word' id='word_1_136' title='bbox 532 3092 714 3178; x_wconf 80' lang='lat' dir='ltr'><strong>obligatio,</strong></span> <span class='ocrx_word' id='word_1_137' title='bbox 735 3092 887 3175; x_wconf 85' lang='lat' dir='ltr'><strong>nuditas,</strong></span> <span class='ocrx_word' id='word_1_138' title='bbox 909 3093 1074 3173; x_wconf 90' lang='lat' dir='ltr'><strong>inanitas,</strong></span> <span class='ocrx_word' id='word_1_139' title='bbox 1091 3092 1235 3175; x_wconf 82' lang='lat' dir='ltr'><strong>frustra,</strong></span> <span class='ocrx_word' id='word_1_140' title='bbox 1253 3115 1360 3176; x_wconf 88' lang='lat' dir='ltr'><strong>error,</strong></span> 
     </span>
    </p>

    <p class='ocr_par' dir='ltr' id='par_1_8' title="bbox 153 3217 1542 3682">
     <span class='ocr_line' id='line_1_21' title="bbox 153 3217 1542 3305; baseline 0.002 -23"><span class='ocrx_word' id='word_1_141' title='bbox 153 3220 197 3282; x_wconf 75' lang='lat'><strong>‘20</strong></span> <span class='ocrx_word' id='word_1_142' title='bbox 219 3217 378 3300; x_wconf 86' lang='lat' dir='ltr'><strong>deiectio,</strong></span> <span class='ocrx_word' id='word_1_143' title='bbox 392 3218 630 3305; x_wconf 88' lang='lat' dir='ltr'><strong>opprobrium,</strong></span> <span class='ocrx_word' id='word_1_144' title='bbox 644 3218 774 3300; x_wconf 83' lang='lat' dir='ltr'><strong>vilitas,</strong></span> <span class='ocrx_word' id='word_1_145' title='bbox 790 3219 939 3300; x_wconf 88' lang='lat' dir='ltr'><strong>miseria,</strong></span> <span class='ocrx_word' id='word_1_146' title='bbox 953 3224 1149 3305; x_wconf 85' lang='lat' dir='ltr'><strong>paupertas,</strong></span> <span class='ocrx_word' id='word_1_147' title='bbox 1171 3222 1175 3302; x_wconf 88' lang='grc'>1</span> <span class='ocrx_word' id='word_1_148' title='bbox 1197 3217 1359 3300; x_wconf 91' lang='lat' dir='ltr'><strong>abiectio,</strong></span> <span class='ocrx_word' id='word_1_149' title='bbox 1386 3223 1483 3287; x_wconf 72' lang='lat'><strong>137</strong></span> <span class='ocrx_word' id='word_1_150' title='bbox 1497 3224 1542 3285; x_wconf 86' lang='lat' dir='ltr'><strong>F&#39;</strong></span> 
     </span>
     <span class='ocr_line' id='line_1_22' title="bbox 220 3343 1361 3431; baseline 0.004 -25"><span class='ocrx_word' id='word_1_151' title='bbox 220 3343 455 3426; x_wconf 79' lang='lat' dir='ltr'><strong>imbecillitas,</strong></span> <span class='ocrx_word' id='word_1_152' title='bbox 480 3343 669 3429; x_wconf 83' lang='lat' dir='ltr'><strong>fragilitas,</strong></span> <span class='ocrx_word' id='word_1_153' title='bbox 696 3345 842 3428; x_wconf 89' lang='lat' dir='ltr'><strong>iactura,</strong></span> <span class='ocrx_word' id='word_1_154' title='bbox 868 3346 1047 3429; x_wconf 89' lang='lat' dir='ltr'><strong>damnum,</strong></span> <span class='ocrx_word' id='word_1_155' title='bbox 1074 3345 1178 3431; x_wconf 84' lang='lat' dir='ltr'><strong>legia,</strong></span> <span class='ocrx_word' id='word_1_156' title='bbox 1199 3345 1361 3428; x_wconf 85' lang='lat' dir='ltr'><strong>schisma,</strong></span> 
     </span>
     <span class='ocr_line' id='line_1_23' title="bbox 220 3467 1361 3557; baseline 0.003 -24"><span class='ocrx_word' id='word_1_157' title='bbox 220 3467 422 3551; x_wconf 88' lang='lat' dir='ltr'><strong>divortium,</strong></span> <span class='ocrx_word' id='word_1_158' title='bbox 458 3469 662 3555; x_wconf 88' lang='lat' dir='ltr'><strong>periculum,</strong></span> <span class='ocrx_word' id='word_1_159' title='bbox 697 3471 924 3556; x_wconf 86' lang='lat' dir='ltr'><strong>poenitentia,</strong></span> <span class='ocrx_word' id='word_1_160' title='bbox 963 3471 1154 3557; x_wconf 87' lang='lat' dir='ltr'><strong>negotium,</strong></span> <span class='ocrx_word' id='word_1_161' title='bbox 1190 3470 1361 3557; x_wconf 86' lang='lat' dir='ltr'><strong>profusi0,</strong></span> 
     </span>
     <span class='ocr_line' id='line_1_24' title="bbox 221 3592 1363 3682; baseline 0.004 -25"><span class='ocrx_word' id='word_1_162' title='bbox 221 3592 424 3675; x_wconf 81' lang='lat' dir='ltr'><strong>obscuritas,</strong></span> <span class='ocrx_word' id='word_1_163' title='bbox 445 3593 645 3679; x_wconf 86' lang='lat' dir='ltr'><strong>obliquitas,</strong></span> <span class='ocrx_word' id='word_1_164' title='bbox 667 3596 869 3682; x_wconf 63' lang='lat' dir='ltr'><strong>[obligatim]</strong></span> <span class='ocrx_word' id='word_1_165' title='bbox 895 3597 1049 3663; x_wconf 87' lang='lat' dir='ltr'><strong>durities.</strong></span> <span class='ocrx_word' id='word_1_166' title='bbox 1085 3597 1179 3674; x_wconf 76' lang='lat' dir='ltr'><strong>Quae</strong></span> <span class='ocrx_word' id='word_1_167' title='bbox 1214 3604 1295 3662; x_wconf 88' lang='lat' dir='ltr'><strong>sunt</strong></span> <span class='ocrx_word' id='word_1_168' title='bbox 1321 3619 1363 3661; x_wconf 90' lang='lat' dir='ltr'><strong>ex</strong></span> 
     </span>
    </p>
   </div>
   <div class='ocr_carea' id='block_1_6' title="bbox 219 3717 1362 3809">
    <p class='ocr_par' dir='ltr' id='par_1_9' title="bbox 219 3717 1362 3809">
     <span class='ocr_line' id='line_1_25' title="bbox 219 3717 1362 3809; baseline 0.003 -27"><span class='ocrx_word' id='word_1_169' title='bbox 219 3724 318 3804; x_wconf 85' lang='lat' dir='ltr'><strong>parte</strong></span> <span class='ocrx_word' id='word_1_170' title='bbox 341 3717 585 3804; x_wconf 86' lang='lat' dir='ltr'><strong>fugiendorum</strong></span> <span class='ocrx_word' id='word_1_171' title='bbox 611 3720 652 3784; x_wconf 88' lang='lat' dir='ltr'><strong>ad</strong></span> <span class='ocrx_word' id='word_1_172' title='bbox 676 3721 944 3788; x_wconf 86' lang='lat' dir='ltr'><strong>dissuadendum</strong></span> <span class='ocrx_word' id='word_1_173' title='bbox 973 3745 1034 3809; x_wconf 88' lang='lat' dir='ltr'><strong>per</strong></span> <span class='ocrx_word' id='word_1_174' title='bbox 1062 3745 1098 3788; x_wconf 91' lang='lat' dir='ltr'><strong>se</strong></span> <span class='ocrx_word' id='word_1_175' title='bbox 1124 3721 1297 3805; x_wconf 87' lang='lat' dir='ltr'><strong>ordinata,</strong></span> <span class='ocrx_word' id='word_1_176' title='bbox 1319 3720 1362 3786; x_wconf 92' lang='lat' dir='ltr'><strong>ad</strong></span> 
     </span>
    </p>
   </div>
   <div class='ocr_carea' id='block_1_7' title="bbox 154 3842 1362 4182">
    <p class='ocr_par' dir='ltr' id='par_1_10' title="bbox 154 3842 1362 4182">
     <span class='ocr_line' id='line_1_26' title="bbox 154 3842 861 3930; baseline 0.008 -25"><span class='ocrx_word' id='word_1_177' title='bbox 154 3842 197 3905; x_wconf 78' lang='lat'><strong>‘25</strong></span> <span class='ocrx_word' id='word_1_178' title='bbox 220 3842 494 3928; x_wconf 87' lang='lat' dir='ltr'><strong>persuadendum</strong></span> <span class='ocrx_word' id='word_1_179' title='bbox 513 3867 594 3910; x_wconf 91' lang='lat' dir='ltr'><strong>vero</strong></span> <span class='ocrx_word' id='word_1_180' title='bbox 613 3868 674 3930; x_wconf 90' lang='lat' dir='ltr'><strong>per</strong></span> <span class='ocrx_word' id='word_1_181' title='bbox 693 3846 861 3911; x_wconf 85' lang='lat' dir='ltr'><strong>accidens.</strong></span> 
     </span>
     <span class='ocr_line' id='line_1_27' title="bbox 308 3968 1362 4059; baseline 0.006 -28"><span class='ocrx_word' id='word_1_182' title='bbox 308 3968 373 4033; x_wconf 89' lang='lat' dir='ltr'><strong>His</strong></span> <span class='ocrx_word' id='word_1_183' title='bbox 394 3969 568 4034; x_wconf 89' lang='lat' dir='ltr'><strong>contraria</strong></span> <span class='ocrx_word' id='word_1_184' title='bbox 588 3974 680 4052; x_wconf 89' lang='lat' dir='ltr'><strong>sunt,</strong></span> <span class='ocrx_word' id='word_1_185' title='bbox 702 3992 789 4054; x_wconf 88' lang='lat' dir='ltr'><strong>quae</strong></span> <span class='ocrx_word' id='word_1_186' title='bbox 808 3994 869 4058; x_wconf 87' lang='lat' dir='ltr'><strong>per</strong></span> <span class='ocrx_word' id='word_1_187' title='bbox 888 3995 922 4036; x_wconf 92' lang='lat' dir='ltr'><strong>se</strong></span> <span class='ocrx_word' id='word_1_188' title='bbox 942 3972 1102 4056; x_wconf 89' lang='lat' dir='ltr'><strong>suadent,</strong></span> <span class='ocrx_word' id='word_1_189' title='bbox 1121 3996 1183 4059; x_wconf 92' lang='lat' dir='ltr'><strong>per</strong></span> <span class='ocrx_word' id='word_1_190' title='bbox 1204 3972 1362 4038; x_wconf 85' lang='lat' dir='ltr'><strong>accidens</strong></span> 
     </span>
     <span class='ocr_line' id='line_1_28' title="bbox 218 4093 1362 4182; baseline 0.003 -23"><span class='ocrx_word' id='word_1_191' title='bbox 218 4093 431 4175; x_wconf 87' lang='lat' dir='ltr'><strong>dissuadent,</strong></span> <span class='ocrx_word' id='word_1_192' title='bbox 463 4102 584 4180; x_wconf 89' lang='lat' dir='ltr'><strong>utpote</strong></span> <span class='ocrx_word' id='word_1_193' title='bbox 622 4096 859 4182; x_wconf 86' lang='lat' dir='ltr'><strong>commoditas,</strong></span> <span class='ocrx_word' id='word_1_194' title='bbox 898 4099 1180 4182; x_wconf 78' lang='lat' dir='ltr'><strong>emolumenturn,</strong></span> <span class='ocrx_word' id='word_1_195' title='bbox 1216 4098 1362 4162; x_wconf 85' lang='lat' dir='ltr'><strong>necessi·</strong></span> 
     </span>
    </p>
   </div>
   <div class='ocr_carea' id='block_1_8' title="bbox 218 4219 1363 4309">
    <p class='ocr_par' dir='ltr' id='par_1_11' title="bbox 218 4219 1363 4309">
     <span class='ocr_line' id='line_1_29' title="bbox 218 4219 1363 4309; baseline 0.004 -25"><span class='ocrx_word' id='word_1_196' title='bbox 218 4226 286 4303; x_wconf 88' lang='lat' dir='ltr'><strong>tas,</strong></span> <span class='ocrx_word' id='word_1_197' title='bbox 306 4219 535 4305; x_wconf 87' lang='lat' dir='ltr'><strong>praestantia,</strong></span> <span class='ocrx_word' id='word_1_198' title='bbox 556 4220 790 4306; x_wconf 86' lang='lat' dir='ltr'><strong>expedientia,</strong></span> <span class='ocrx_word' id='word_1_199' title='bbox 811 4245 853 4287; x_wconf 87' lang='lat' dir='ltr'><strong>ex</strong></span> <span class='ocrx_word' id='word_1_200' title='bbox 871 4221 924 4286; x_wconf 86' lang='lat' dir='ltr'><strong>his</strong></span> <span class='ocrx_word' id='word_1_201' title='bbox 949 4246 1036 4306; x_wconf 85' lang='lat' dir='ltr'><strong>quae</strong></span> <span class='ocrx_word' id='word_1_202' title='bbox 1056 4222 1098 4289; x_wconf 92' lang='lat' dir='ltr'><strong>ad</strong></span> <span class='ocrx_word' id='word_1_203' title='bbox 1125 4223 1248 4306; x_wconf 90' lang='lat' dir='ltr'><strong>vitam,</strong></span> <span class='ocrx_word' id='word_1_204' title='bbox 1274 4245 1363 4309; x_wconf 87' lang='lat' dir='ltr'><strong>qnae</strong></span> 
     </span>
    </p>
   </div>
   <div class='ocr_carea' id='block_1_9' title="bbox 663 4361 1329 4369">
    <p class='ocr_par' dir='ltr' id='par_1_12' title="bbox 663 4361 1329 4369">
     <span class='ocr_line' id='line_1_30' title="bbox 663 4361 1329 4369; baseline 0.005 -3"><span class='ocrx_word' id='word_1_205' title='bbox 663 4361 812 4367; x_wconf 81' lang='lat'><strong>—-—</strong></span> <span class='ocrx_word' id='word_1_206' title='bbox 830 4361 1128 4369; x_wconf 70' lang='lat'><em>.-·—-—.-·——</em></span> <span class='ocrx_word' id='word_1_207' title='bbox 1149 4363 1251 4369; x_wconf 49' lang='grc' dir='ltr'><strong>ο</strong></span> <span class='ocrx_word' id='word_1_208' title='bbox 1267 4364 1329 4369; x_wconf 81' lang='lat'><strong>.—...</strong></span> 
     </span>
    </p>
   </div>
   <div class='ocr_carea' id='block_1_10' title="bbox 218 4415 1363 4562">
    <p class='ocr_par' dir='ltr' id='par_1_13' title="bbox 218 4415 1363 4562">
     <span class='ocr_line' id='line_1_31' title="bbox 311 4415 1363 4484; baseline 0.002 -19"><span class='ocrx_word' id='word_1_209' title='bbox 311 4415 333 4465; x_wconf 75' lang='lat'><strong>7.</strong></span> <span class='ocrx_word' id='word_1_210' title='bbox 350 4417 367 4466; x_wconf 90' lang='grc'>8</span> <span class='ocrx_word' id='word_1_211' title='bbox 387 4416 516 4479; x_wconf 85' lang='lat' dir='ltr'><strong>generis,</strong></span> <span class='ocrx_word' id='word_1_212' title='bbox 541 4417 627 4466; x_wconf 85' lang='lat' dir='ltr'><strong>etiam</strong></span> <span class='ocrx_word' id='word_1_213' title='bbox 650 4435 663 4466; x_wconf 83' lang='lat' dir='ltr'><strong>e</strong></span> <span class='ocrx_word' id='word_1_214' title='bbox 684 4417 853 4482; x_wconf 81' lang='lat' dir='ltr'><strong>generibus,</strong></span> <span class='ocrx_word' id='word_1_215' title='bbox 875 4425 942 4484; x_wconf 81' lang='lat' dir='ltr'><strong>post</strong></span> <span class='ocrx_word' id='word_1_216' title='bbox 963 4418 987 4469; x_wconf 66' lang='grc' dir='ltr'><strong>(ἕ</strong></span> <span class='ocrx_word' id='word_1_217' title='bbox 1067 4419 1097 4467; x_wconf 82' lang='grc'><strong>13</strong></span> <span class='ocrx_word' id='word_1_218' title='bbox 1111 4419 1190 4482; x_wconf 81' lang='lat' dir='ltr'><strong>forse</strong></span> <span class='ocrx_word' id='word_1_219' title='bbox 1211 4418 1363 4484; x_wconf 68' lang='lat' dir='ltr'><strong>origines?</strong></span> 
     </span>
     <span class='ocr_line' id='line_1_32' title="bbox 218 4495 654 4562; baseline 0 -14"><span class='ocrx_word' id='word_1_220' title='bbox 218 4497 250 4548; x_wconf 79' lang='lat' dir='ltr'><strong>ai</strong></span> <span class='ocrx_word' id='word_1_221' title='bbox 267 4495 344 4562; x_wconf 80' lang='lat' dir='ltr'><strong>legio</strong></span> <span class='ocrx_word' id='word_1_222' title='bbox 359 4512 407 4547; x_wconf 79' lang='lat' dir='ltr'><strong>orn.</strong></span> <span class='ocrx_word' id='word_1_223' title='bbox 425 4496 463 4548; x_wconf 79' lang='lat' dir='ltr'><strong>G:</strong></span> <span class='ocrx_word' id='word_1_224' title='bbox 472 4498 551 4562; x_wconf 82' lang='lat' dir='ltr'><strong>forse</strong></span> <span class='ocrx_word' id='word_1_225' title='bbox 565 4497 654 4548; x_wconf 83' lang='lat' dir='ltr'><strong>laesio</strong></span> 
     </span>
    </p>
   </div>
   <div class='ocr_carea' id='block_1_11' title="bbox 0 0 1706 5122">
    <p class='ocr_par' dir='ltr' id='par_1_14' title="bbox 0 0 1706 5122">
     <span class='ocr_line' id='line_1_33' title="bbox 0 0 1706 5122; baseline 0 0"><span class='ocrx_word' id='word_1_226' title='bbox 0 0 1706 5122; x_wconf 95' lang='lat' dir='ltr'><strong> </strong></span> 
     </span>
    </p>
   </div>
  </div>
 </body>
</html>
