<?xml version="1.0" encoding="UTF-8"?>
<!DOCTYPE html PUBLIC "-//W3C//DTD XHTML 1.0 Transitional//EN"
    "http://www.w3.org/TR/xhtml1/DTD/xhtml1-transitional.dtd">
<html xmlns="http://www.w3.org/1999/xhtml" xml:lang="en" lang="en">
 <head>
  <title>
</title>
<meta http-equiv="Content-Type" content="text/html;charset=utf-8" />
  <meta name='ocr-system' content='tesseract 3.04.00' />
  <meta name='ocr-capabilities' content='ocr_page ocr_carea ocr_par ocr_line ocrx_word'/>
</head>
<body>
  <div class='ocr_page' id='page_1' title='image "./jordanibruninol00brungoog_0399.png"; bbox 0 0 3390 5122; ppageno 0'>
   <div class='ocr_carea' id='block_1_1' title="bbox 236 440 938 499">
    <p class='ocr_par' dir='ltr' id='par_1_1' title="bbox 236 440 938 499">
     <span class='ocr_line' id='line_1_1' title="bbox 236 440 938 499; baseline -0.003 0"><span class='ocrx_word' id='word_1_1' title='bbox 236 440 297 499; x_wconf 83' lang='lat'>384</span> <span class='ocrx_word' id='word_1_2' title='bbox 673 451 814 498; x_wconf 77' lang='lat' dir='ltr'>mamni</span> <span class='ocrx_word' id='word_1_3' title='bbox 834 452 938 497; x_wconf 77' lang='lat' dir='ltr'>unvai</span> 
     </span>
    </p>
   </div>
   <div class='ocr_carea' id='block_1_2' title="bbox 163 608 1556 1959">
    <p class='ocr_par' dir='ltr' id='par_1_2' title="bbox 163 608 1556 1959">
     <span class='ocr_line' id='line_1_2' title="bbox 228 608 1387 698; baseline -0.002 -22"><span class='ocrx_word' id='word_1_4' title='bbox 228 620 264 676; x_wconf 88' lang='lat' dir='ltr'>et</span> <span class='ocrx_word' id='word_1_5' title='bbox 281 612 397 678; x_wconf 88' lang='lat' dir='ltr'>omnia</span> <span class='ocrx_word' id='word_1_6' title='bbox 417 612 572 678; x_wconf 90' lang='lat' dir='ltr'>membra</span> <span class='ocrx_word' id='word_1_7' title='bbox 592 634 613 676; x_wconf 91' lang='lat' dir='ltr'>a</span> <span class='ocrx_word' id='word_1_8' title='bbox 630 619 811 698; x_wconf 85' lang='lat' dir='ltr'>praesente</span> <span class='ocrx_word' id='word_1_9' title='bbox 827 609 934 676; x_wconf 86' lang='lat' dir='ltr'>variis</span> <span class='ocrx_word' id='word_1_10' title='bbox 952 608 1063 676; x_wconf 85' lang='lat' dir='ltr'>modis</span> <span class='ocrx_word' id='word_1_11' title='bbox 1082 609 1229 675; x_wconf 87' lang='lat' dir='ltr'>colorari</span> <span class='ocrx_word' id='word_1_12' title='bbox 1247 618 1387 697; x_wconf 81' lang='lat' dir='ltr'>potest,</span> 
     </span>
     <span class='ocr_line' id='line_1_3' title="bbox 227 738 1386 825; baseline 0 -20"><span class='ocrx_word' id='word_1_13' title='bbox 227 739 514 825; x_wconf 85' lang='lat' dir='ltr'>quemadmodum</span> <span class='ocrx_word' id='word_1_14' title='bbox 535 738 625 804; x_wconf 89' lang='lat' dir='ltr'>idem</span> <span class='ocrx_word' id='word_1_15' title='bbox 645 738 888 804; x_wconf 87' lang='lat' dir='ltr'>indumentum</span> <span class='ocrx_word' id='word_1_16' title='bbox 902 738 1027 804; x_wconf 85' lang='lat' dir='ltr'>coloris</span> <span class='ocrx_word' id='word_1_17' title='bbox 1042 738 1245 805; x_wconf 82' lang='lat' dir='ltr'>diversitate</span> <span class='ocrx_word' id='word_1_18' title='bbox 1264 739 1386 805; x_wconf 89' lang='lat' dir='ltr'>multi·</span> 
     </span>
     <span class='ocr_line' id='line_1_4' title="bbox 225 864 965 952; baseline -0.001 -22"><span class='ocrx_word' id='word_1_19' title='bbox 225 864 364 952; x_wconf 78' lang='lat' dir='ltr'>pliciter</span> <span class='ocrx_word' id='word_1_20' title='bbox 382 886 451 930; x_wconf 89' lang='lat' dir='ltr'>non</span> <span class='ocrx_word' id='word_1_21' title='bbox 471 864 545 930; x_wconf 89' lang='lat' dir='ltr'>sine</span> <span class='ocrx_word' id='word_1_22' title='bbox 564 864 781 930; x_wconf 85' lang='lat' dir='ltr'>iucunditate</span> <span class='ocrx_word' id='word_1_23' title='bbox 799 864 965 930; x_wconf 74' lang='lat' dir='ltr'>variatur.</span> 
     </span>
     <span class='ocr_line' id='line_1_5' title="bbox 315 990 1381 1078; baseline 0.002 -22"><span class='ocrx_word' id='word_1_24' title='bbox 315 991 410 1057; x_wconf 88' lang='lat' dir='ltr'>Haeo</span> <span class='ocrx_word' id='word_1_25' title='bbox 448 1000 545 1058; x_wconf 85' lang='lat' dir='ltr'>sunt:</span> <span class='ocrx_word' id='word_1_26' title='bbox 577 990 778 1074; x_wconf 86' lang='lat' dir='ltr'>affirmatio,</span> <span class='ocrx_word' id='word_1_27' title='bbox 808 992 948 1078; x_wconf 84' lang='lat' dir='ltr'>negatio</span> <span class='ocrx_word' id='word_1_28' title='bbox 980 999 1014 1057; x_wconf 89' lang='lat' dir='ltr'>et</span> <span class='ocrx_word' id='word_1_29' title='bbox 1045 1000 1178 1057; x_wconf 84' lang='lat' dir='ltr'>caetera</span> <span class='ocrx_word' id='word_1_30' title='bbox 1207 1014 1297 1077; x_wconf 80' lang='lat' dir='ltr'>quac</span> <span class='ocrx_word' id='word_1_31' title='bbox 1327 1016 1381 1059; x_wconf 86' lang='lat' dir='ltr'>se-</span> 
     </span>
     <span class='ocr_line' id='line_1_6' title="bbox 181 1116 1380 1205; baseline -0.001 -19"><span class='ocrx_word' id='word_1_32' title='bbox 181 1124 202 1186; x_wconf 80' lang='lat'>5</span> <span class='ocrx_word' id='word_1_33' title='bbox 227 1124 393 1202; x_wconf 77' lang='lat' dir='ltr'>quantur,</span> <span class='ocrx_word' id='word_1_34' title='bbox 413 1139 484 1184; x_wconf 86' lang='lat' dir='ltr'>non</span> <span class='ocrx_word' id='word_1_35' title='bbox 503 1117 621 1183; x_wconf 90' lang='lat' dir='ltr'>eodem</span> <span class='ocrx_word' id='word_1_36' title='bbox 645 1116 747 1184; x_wconf 87' lang='lat' dir='ltr'>modo</span> <span class='ocrx_word' id='word_1_37' title='bbox 770 1123 910 1204; x_wconf 86' lang='lat' dir='ltr'>accepta</span> <span class='ocrx_word' id='word_1_38' title='bbox 930 1138 998 1203; x_wconf 91' lang='lat' dir='ltr'>quo</span> <span class='ocrx_word' id='word_1_39' title='bbox 1021 1140 1138 1204; x_wconf 87' lang='lat' dir='ltr'>supra,</span> <span class='ocrx_word' id='word_1_40' title='bbox 1163 1125 1286 1205; x_wconf 87' lang='lat' dir='ltr'>utpote</span> <span class='ocrx_word' id='word_1_41' title='bbox 1307 1118 1380 1185; x_wconf 89' lang='lat' dir='ltr'>for-</span> 
     </span>
     <span class='ocr_line' id='line_1_7' title="bbox 226 1244 1377 1329; baseline 0.002 -18"><span class='ocrx_word' id='word_1_42' title='bbox 226 1245 377 1329; x_wconf 82' lang='lat' dir='ltr'>maliter,</span> <span class='ocrx_word' id='word_1_43' title='bbox 402 1245 461 1311; x_wconf 87' lang='lat' dir='ltr'>sed</span> <span class='ocrx_word' id='word_1_44' title='bbox 484 1245 680 1328; x_wconf 85' lang='lat' dir='ltr'>modaliter‚</span> <span class='ocrx_word' id='word_1_45' title='bbox 709 1250 749 1309; x_wconf 88' lang='lat' dir='ltr'>ut</span> <span class='ocrx_word' id='word_1_46' title='bbox 784 1245 813 1310; x_wconf 89' lang='lat' dir='ltr'>si</span> <span class='ocrx_word' id='word_1_47' title='bbox 847 1244 994 1310; x_wconf 82' lang='lat' dir='ltr'><strong>dixerim</strong></span> <span class='ocrx_word' id='word_1_48' title='bbox 1027 1246 1091 1311; x_wconf 88' lang='lat' dir='ltr'>sub</span> <span class='ocrx_word' id='word_1_49' title='bbox 1119 1245 1377 1314; x_wconf 86' lang='lat' dir='ltr'>affirmatione:</span> 
     </span>
     <span class='ocr_line' id='line_1_8' title="bbox 225 1370 1556 1458; baseline 0.003 -21"><span class='ocrx_word' id='word_1_50' title='bbox 225 1370 362 1437; x_wconf 83' lang='lat' dir='ltr'>&#39;omnes</span> <span class='ocrx_word' id='word_1_51' title='bbox 385 1370 542 1437; x_wconf 87' lang='lat' dir='ltr'>homines</span> <span class='ocrx_word' id='word_1_52' title='bbox 570 1378 695 1436; x_wconf 89' lang='lat' dir='ltr'>natura</span> <span class='ocrx_word' id='word_1_53' title='bbox 718 1370 805 1436; x_wconf 89' lang='lat' dir='ltr'>scire</span> <span class='ocrx_word' id='word_1_54' title='bbox 828 1370 1079 1455; x_wconf 76' lang='lat' dir='ltr'>deisiderant&#39;‚</span> <span class='ocrx_word' id='word_1_55' title='bbox 1099 1372 1163 1437; x_wconf 82' lang='lat' dir='ltr'>sub</span> <span class='ocrx_word' id='word_1_56' title='bbox 1187 1373 1381 1458; x_wconf 82' lang='lat' dir='ltr'>negatione</span> <span class='ocrx_word' id='word_1_57' title='bbox 1412 1379 1503 1443; x_wconf 74' lang='lat'>112</span> <span class='ocrx_word' id='word_1_58' title='bbox 1516 1380 1556 1441; x_wconf 84' lang='lat' dir='ltr'>F</span> 
     </span>
     <span class='ocr_line' id='line_1_9' title="bbox 226 1494 1378 1583; baseline 0.003 -25"><span class='ocrx_word' id='word_1_59' title='bbox 226 1494 355 1561; x_wconf 76' lang='lat' dir='ltr'>tlicam:</span> <span class='ocrx_word' id='word_1_60' title='bbox 383 1494 521 1561; x_wconf 67' lang='lat' dir='ltr'>*nullus</span> <span class='ocrx_word' id='word_1_61' title='bbox 554 1495 735 1562; x_wconf 88' lang='lat' dir='ltr'>hominum</span> <span class='ocrx_word' id='word_1_62' title='bbox 765 1503 829 1579; x_wconf 86' lang='lat' dir='ltr'>est,</span> <span class='ocrx_word' id='word_1_63' title='bbox 860 1496 920 1581; x_wconf 86' lang='lat' dir='ltr'>qui</span> <span class='ocrx_word' id='word_1_64' title='bbox 951 1496 1037 1583; x_wconf 85' lang='lat' dir='ltr'>scire</span> <span class='ocrx_word' id='word_1_65' title='bbox 1062 1495 1270 1562; x_wconf 66' lang='lat' dir='ltr'>naturaliter</span> <span class='ocrx_word' id='word_1_66' title='bbox 1302 1518 1378 1562; x_wconf 90' lang='lat' dir='ltr'>non</span> 
     </span>
     <span class='ocr_line' id='line_1_10' title="bbox 227 1618 1377 1708; baseline 0.002 -24"><span class='ocrx_word' id='word_1_67' title='bbox 227 1620 430 1703; x_wconf 54' lang='lat' dir='ltr'>desideret,</span> <span class='ocrx_word' id='word_1_68' title='bbox 455 1621 519 1687; x_wconf 88' lang='lat' dir='ltr'>sub</span> <span class='ocrx_word' id='word_1_69' title='bbox 547 1621 818 1708; x_wconf 74' lang='lat' dir='ltr'>interrogatione</span> <span class='ocrx_word' id='word_1_70' title='bbox 849 1618 976 1685; x_wconf 88' lang='lat' dir='ltr'>dicam:</span> <span class='ocrx_word' id='word_1_71' title='bbox 1005 1621 1072 1686; x_wconf 85' lang='lat' dir='ltr'>&#39;an</span> <span class='ocrx_word' id='word_1_72' title='bbox 1097 1620 1281 1707; x_wconf 82' lang='lat' dir='ltr'>quisquam</span> <span class='ocrx_word' id='word_1_73' title='bbox 1312 1620 1377 1686; x_wconf 94' lang='lat' dir='ltr'>ho·</span> 
     </span>
     <span class='ocr_line' id='line_1_11' title="bbox 163 1745 1378 1833; baseline 0.003 -24"><span class='ocrx_word' id='word_1_74' title='bbox 163 1758 204 1821; x_wconf 90' lang='lat'>10</span> <span class='ocrx_word' id='word_1_75' title='bbox 227 1745 360 1811; x_wconf 87' lang='lat' dir='ltr'>minum</span> <span class='ocrx_word' id='word_1_76' title='bbox 380 1769 453 1812; x_wconf 85' lang='lat' dir='ltr'>esse</span> <span class='ocrx_word' id='word_1_77' title='bbox 471 1753 598 1833; x_wconf 87' lang='lat' dir='ltr'>potest,</span> <span class='ocrx_word' id='word_1_78' title='bbox 624 1746 661 1811; x_wconf 89' lang='lat' dir='ltr'>in</span> <span class='ocrx_word' id='word_1_79' title='bbox 689 1768 791 1831; x_wconf 92' lang='lat' dir='ltr'>quem</span> <span class='ocrx_word' id='word_1_80' title='bbox 822 1745 954 1811; x_wconf 86' lang='lat' dir='ltr'>sciendi</span> <span class='ocrx_word' id='word_1_81' title='bbox 984 1745 1191 1813; x_wconf 86' lang='lat' dir='ltr'>desiderium</span> <span class='ocrx_word' id='word_1_82' title='bbox 1215 1768 1288 1813; x_wconf 87' lang='lat' dir='ltr'>non</span> <span class='ocrx_word' id='word_1_83' title='bbox 1311 1746 1378 1813; x_wconf 84' lang='lat' dir='ltr'>ali-</span> 
     </span>
     <span class='ocr_line' id='line_1_12' title="bbox 227 1871 1376 1959; baseline 0.003 -23"><span class='ocrx_word' id='word_1_84' title='bbox 227 1872 365 1957; x_wconf 87' lang='lat' dir='ltr'>quando</span> <span class='ocrx_word' id='word_1_85' title='bbox 394 1872 538 1939; x_wconf 81' lang='lat' dir='ltr'>cadat?’</span> <span class='ocrx_word' id='word_1_86' title='bbox 562 1873 626 1938; x_wconf 89' lang='lat' dir='ltr'>sub</span> <span class='ocrx_word' id='word_1_87' title='bbox 650 1872 885 1959; x_wconf 76' lang='lat' dir='ltr'>responsione:</span> <span class='ocrx_word' id='word_1_88' title='bbox 904 1871 954 1938; x_wconf 86' lang='lat' dir='ltr'>‘si</span> <span class='ocrx_word' id='word_1_89' title='bbox 979 1873 1057 1958; x_wconf 88' lang='lat' dir='ltr'>quis</span> <span class='ocrx_word' id='word_1_90' title='bbox 1081 1895 1100 1937; x_wconf 89' lang='lat' dir='ltr'>a</span> <span class='ocrx_word' id='word_1_91' title='bbox 1127 1896 1180 1938; x_wconf 89' lang='lat' dir='ltr'>me</span> <span class='ocrx_word' id='word_1_92' title='bbox 1207 1880 1376 1958; x_wconf 90' lang='lat' dir='ltr'>quaerat:</span> 
     </span>
    </p>
   </div>
   <div class='ocr_carea' id='block_1_3' title="bbox 227 1998 1374 2087">
    <p class='ocr_par' dir='ltr' id='par_1_3' title="bbox 227 1998 1374 2087">
     <span class='ocr_line' id='line_1_13' title="bbox 227 1998 1374 2087; baseline 0.003 -24"><span class='ocrx_word' id='word_1_93' title='bbox 227 1998 310 2083; x_wconf 87' lang='lat' dir='ltr'>quid</span> <span class='ocrx_word' id='word_1_94' title='bbox 341 2010 393 2068; x_wconf 87' lang='lat' dir='ltr'>est</span> <span class='ocrx_word' id='word_1_95' title='bbox 420 1999 511 2086; x_wconf 84' lang='lat' dir='ltr'>quod</span> <span class='ocrx_word' id='word_1_96' title='bbox 534 1999 668 2065; x_wconf 89' lang='lat' dir='ltr'>homini</span> <span class='ocrx_word' id='word_1_97' title='bbox 697 1998 847 2063; x_wconf 89' lang='lat' dir='ltr'>maxime</span> <span class='ocrx_word' id='word_1_98' title='bbox 876 2000 1081 2065; x_wconf 82' lang='lat' dir='ltr'>conveniat?</span> <span class='ocrx_word' id='word_1_99' title='bbox 1112 1999 1207 2065; x_wconf 86' lang='lat' dir='ltr'>aliud</span> <span class='ocrx_word' id='word_1_100' title='bbox 1229 2022 1374 2087; x_wconf 88' lang='lat' dir='ltr'>respon-</span> 
     </span>
    </p>
   </div>
   <div class='ocr_carea' id='block_1_4' title="bbox 164 2124 1554 2589">
    <p class='ocr_par' dir='ltr' id='par_1_4' title="bbox 226 2124 1554 2337">
     <span class='ocr_line' id='line_1_14' title="bbox 226 2124 1554 2213; baseline 0.005 -23"><span class='ocrx_word' id='word_1_101' title='bbox 226 2126 305 2192; x_wconf 83' lang='lat' dir='ltr'>dere</span> <span class='ocrx_word' id='word_1_102' title='bbox 327 2130 331 2211; x_wconf 77' lang='grc'>1</span> <span class='ocrx_word' id='word_1_103' title='bbox 352 2150 411 2192; x_wconf 88' lang='lat' dir='ltr'>seu</span> <span class='ocrx_word' id='word_1_104' title='bbox 431 2127 552 2192; x_wconf 84' lang='lat' dir='ltr'>afferre</span> <span class='ocrx_word' id='word_1_105' title='bbox 575 2148 645 2192; x_wconf 90' lang='lat' dir='ltr'>non</span> <span class='ocrx_word' id='word_1_106' title='bbox 664 2148 804 2213; x_wconf 84' lang='lat' dir='ltr'>possum</span> <span class='ocrx_word' id='word_1_107' title='bbox 824 2132 959 2213; x_wconf 88' lang='lat' dir='ltr'>practer</span> <span class='ocrx_word' id='word_1_108' title='bbox 978 2125 1110 2191; x_wconf 83' lang='lat' dir='ltr'>sciendi</span> <span class='ocrx_word' id='word_1_109' title='bbox 1125 2124 1336 2192; x_wconf 83' lang='lat' dir='ltr'>desiderium</span> <span class='ocrx_word' id='word_1_110' title='bbox 1348 2128 1373 2210; x_wconf 67' lang='lat'>⁹,</span> <span class='ocrx_word' id='word_1_111' title='bbox 1403 2134 1503 2197; x_wconf 87' lang='grc'>163</span> <span class='ocrx_word' id='word_1_112' title='bbox 1518 2133 1554 2199; x_wconf 85' lang='lat' dir='ltr'>G</span> 
     </span>
     <span class='ocr_line' id='line_1_15' title="bbox 227 2249 1373 2337; baseline 0.002 -22"><span class='ocrx_word' id='word_1_113' title='bbox 227 2250 290 2316; x_wconf 86' lang='lat' dir='ltr'>sub</span> <span class='ocrx_word' id='word_1_114' title='bbox 314 2252 442 2317; x_wconf 88' lang='lat' dir='ltr'>activo:</span> <span class='ocrx_word' id='word_1_115' title='bbox 466 2251 575 2317; x_wconf 65' lang='lat' dir='ltr'>&#39;scire</span> <span class='ocrx_word' id='word_1_116' title='bbox 598 2249 812 2337; x_wconf 73' lang='lat' dir='ltr'>concupiscit</span> <span class='ocrx_word' id='word_1_117' title='bbox 830 2250 967 2333; x_wconf 65' lang='lat' dir='ltr'>horno*²</span> <span class='ocrx_word' id='word_1_118' title='bbox 987 2251 1051 2315; x_wconf 88' lang='lat' dir='ltr'>sub</span> <span class='ocrx_word' id='word_1_119' title='bbox 1067 2251 1219 2337; x_wconf 86' lang='lat' dir='ltr'>passivo:</span> <span class='ocrx_word' id='word_1_120' title='bbox 1243 2249 1284 2315; x_wconf 74' lang='lat' dir='ltr'>‘a</span> <span class='ocrx_word' id='word_1_121' title='bbox 1310 2258 1373 2317; x_wconf 86' lang='lat' dir='ltr'>ua&#39;·</span> 
     </span>
    </p>

    <p class='ocr_par' dir='ltr' id='par_1_5' title="bbox 164 2375 1376 2589">
     <span class='ocr_line' id='line_1_16' title="bbox 164 2375 1376 2464; baseline -0.003 -18"><span class='ocrx_word' id='word_1_122' title='bbox 164 2383 204 2446; x_wconf 75' lang='lat' dir='ltr'>lu</span> <span class='ocrx_word' id='word_1_123' title='bbox 229 2384 328 2443; x_wconf 89' lang='lat' dir='ltr'>turae</span> <span class='ocrx_word' id='word_1_124' title='bbox 346 2377 532 2464; x_wconf 87' lang='lat' dir='ltr'>multiplici</span> <span class='ocrx_word' id='word_1_125' title='bbox 551 2377 722 2442; x_wconf 87' lang='lat' dir='ltr'>instinctu</span> <span class='ocrx_word' id='word_1_126' title='bbox 741 2376 784 2441; x_wconf 84' lang='lat' dir='ltr'>ad</span> <span class='ocrx_word' id='word_1_127' title='bbox 803 2376 968 2441; x_wconf 84' lang='lat' dir='ltr'>scientiae</span> <span class='ocrx_word' id='word_1_128' title='bbox 985 2375 1203 2462; x_wconf 87' lang='lat' dir='ltr'>adeptionem</span> <span class='ocrx_word' id='word_1_129' title='bbox 1220 2375 1376 2462; x_wconf 87' lang='lat' dir='ltr'>erigitur</span> 
     </span>
     <span class='ocr_line' id='line_1_17' title="bbox 227 2502 595 2589; baseline -0.008 -21"><span class='ocrx_word' id='word_1_130' title='bbox 227 2510 262 2568; x_wconf 89' lang='lat' dir='ltr'>et</span> <span class='ocrx_word' id='word_1_131' title='bbox 281 2502 445 2589; x_wconf 84' lang='lat' dir='ltr'>dirigitur</span> <span class='ocrx_word' id='word_1_132' title='bbox 462 2502 564 2568; x_wconf 91' lang='lat' dir='ltr'>homo</span> <span class='ocrx_word' id='word_1_133' title='bbox 577 2502 595 2565; x_wconf 72' lang='lat'>².</span> 
     </span>
    </p>
   </div>
   <div class='ocr_carea' id='block_1_5' title="bbox 476 2755 1122 2828">
    <p class='ocr_par' dir='ltr' id='par_1_6' title="bbox 476 2755 1122 2828">
     <span class='ocr_line' id='line_1_18' title="bbox 476 2755 1122 2828; baseline -0.006 -12"><span class='ocrx_word' id='word_1_134' title='bbox 476 2758 533 2816; x_wconf 81' lang='lat' dir='ltr'>Sit</span> <span class='ocrx_word' id='word_1_135' title='bbox 554 2771 642 2828; x_wconf 76' lang='lat' dir='ltr'>crgo</span> <span class='ocrx_word' id='word_1_136' title='bbox 665 2769 844 2827; x_wconf 85' lang='lat' dir='ltr'>praesens</span> <span class='ocrx_word' id='word_1_137' title='bbox 865 2755 1122 2827; x_wconf 80' lang='lat' dir='ltr'>alphabetum:</span> 
     </span>
    </p>
   </div>
   <div class='ocr_carea' id='block_1_6' title="bbox 284 2976 1375 4192">
    <p class='ocr_par' dir='ltr' id='par_1_7' title="bbox 284 2976 1375 4192">
     <span class='ocr_line' id='line_1_19' title="bbox 284 2976 648 3042; baseline 0.008 -3"><span class='ocrx_word' id='word_1_138' title='bbox 284 2989 288 2997; x_wconf 85' lang='lat'>&#39;</span> <span class='ocrx_word' id='word_1_139' title='bbox 360 2976 401 3041; x_wconf 83' lang='lat' dir='ltr'>A.</span> <span class='ocrx_word' id='word_1_140' title='bbox 428 2976 648 3042; x_wconf 83' lang='lat' dir='ltr'>Affirmative</span> 
     </span>
     <span class='ocr_line' id='line_1_20' title="bbox 359 3102 592 3189; baseline 0.004 -23"><span class='ocrx_word' id='word_1_141' title='bbox 359 3104 398 3166; x_wconf 91' lang='lat' dir='ltr'>B.</span> <span class='ocrx_word' id='word_1_142' title='bbox 423 3102 592 3189; x_wconf 84' lang='lat' dir='ltr'>Negative</span> 
     </span>
     <span class='ocr_line' id='line_1_21' title="bbox 360 3230 676 3315; baseline 0.006 -24"><span class='ocrx_word' id='word_1_143' title='bbox 360 3230 396 3293; x_wconf 88' lang='lat' dir='ltr'>C.</span> <span class='ocrx_word' id='word_1_144' title='bbox 421 3230 676 3315; x_wconf 85' lang='lat' dir='ltr'>Interrogative</span> 
     </span>
     <span class='ocr_line' id='line_1_22' title="bbox 359 3356 640 3443; baseline -0.004 -22"><span class='ocrx_word' id='word_1_145' title='bbox 359 3357 400 3421; x_wconf 86' lang='lat' dir='ltr'>D.</span> <span class='ocrx_word' id='word_1_146' title='bbox 424 3356 640 3443; x_wconf 77' lang='lat' dir='ltr'>Responsivo</span> 
     </span>
     <span class='ocr_line' id='line_1_23' title="bbox 359 3485 546 3549; baseline -0.005 0"><span class='ocrx_word' id='word_1_147' title='bbox 359 3485 397 3549; x_wconf 86' lang='lat' dir='ltr'>E.</span> <span class='ocrx_word' id='word_1_148' title='bbox 422 3485 546 3549; x_wconf 87' lang='lat' dir='ltr'>Activo</span> 
     </span>
     <span class='ocr_line' id='line_1_24' title="bbox 358 3611 564 3675; baseline -0.01 0"><span class='ocrx_word' id='word_1_149' title='bbox 358 3611 397 3675; x_wconf 79' lang='lat' dir='ltr'>F.</span> <span class='ocrx_word' id='word_1_150' title='bbox 423 3611 564 3675; x_wconf 88' lang='lat' dir='ltr'>Passivc</span> 
     </span>
     <span class='ocr_line' id='line_1_25' title="bbox 359 3736 598 3801; baseline -0.008 -2"><span class='ocrx_word' id='word_1_151' title='bbox 359 3736 400 3801; x_wconf 76' lang='lat' dir='ltr'>G.</span> <span class='ocrx_word' id='word_1_152' title='bbox 421 3736 598 3801; x_wconf 87' lang='lat' dir='ltr'>Privative</span> 
     </span>
     <span class='ocr_line' id='line_1_26' title="bbox 358 3861 699 3926; baseline -0.006 0"><span class='ocrx_word' id='word_1_153' title='bbox 358 3864 401 3926; x_wconf 93' lang='lat' dir='ltr'>H.</span> <span class='ocrx_word' id='word_1_154' title='bbox 423 3861 699 3926; x_wconf 83' lang='lat' dir='ltr'>Contradictoric</span> 
     </span>
     <span class='ocr_line' id='line_1_27' title="bbox 374 3986 624 4052; baseline -0.012 0"><span class='ocrx_word' id='word_1_155' title='bbox 374 3988 400 4052; x_wconf 90' lang='lat' dir='ltr'>I.</span> <span class='ocrx_word' id='word_1_156' title='bbox 426 3986 624 4051; x_wconf 70' lang='lat' dir='ltr'>Gerunnlivo</span> 
     </span>
     <span class='ocr_line' id='line_1_28' title="bbox 358 4111 1375 4192; baseline 0 -14"><span class='ocrx_word' id='word_1_157' title='bbox 358 4114 401 4178; x_wconf 87' lang='grc' dir='ltr'>Κ.</span> <span class='ocrx_word' id='word_1_158' title='bbox 423 4112 589 4178; x_wconf 79' lang='lat' dir='ltr'>Mutando</span> <span class='ocrx_word' id='word_1_159' title='bbox 609 4134 735 4176; x_wconf 86' lang='lat' dir='ltr'>nomon</span> <span class='ocrx_word' id='word_1_160' title='bbox 752 4113 787 4176; x_wconf 87' lang='lat' dir='ltr'>in</span> <span class='ocrx_word' id='word_1_161' title='bbox 809 4112 1011 4192; x_wconf 85' lang='lat' dir='ltr'>orationem,</span> <span class='ocrx_word' id='word_1_162' title='bbox 1038 4111 1283 4176; x_wconf 77' lang='lat' dir='ltr'>indictionem</span> <span class='ocrx_word' id='word_1_163' title='bbox 1310 4135 1375 4178; x_wconf 84' lang='lat' dir='ltr'>seu</span> 
     </span>
    </p>
   </div>
   <div class='ocr_carea' id='block_1_7' title="bbox 224 4262 348 4305">
    <p class='ocr_par' dir='ltr' id='par_1_8' title="bbox 224 4262 348 4305">
     <span class='ocr_line' id='line_1_29' title="bbox 224 4262 348 4305; baseline -0.016 0"><span class='ocrx_word' id='word_1_164' title='bbox 224 4262 348 4305; x_wconf 80' lang='lat' dir='ltr'>nomen</span> 
     </span>
    </p>
   </div>
   <div class='ocr_carea' id='block_1_8' title="bbox 317 4496 741 4555">
    <p class='ocr_par' dir='ltr' id='par_1_9' title="bbox 317 4496 741 4555">
     <span class='ocr_line' id='line_1_30' title="bbox 317 4496 741 4555; baseline -0.009 -7"><span class='ocrx_word' id='word_1_165' title='bbox 317 4498 355 4548; x_wconf 78' lang='lat'>27.</span> <span class='ocrx_word' id='word_1_166' title='bbox 368 4500 399 4549; x_wconf 82' lang='lat'>28</span> <span class='ocrx_word' id='word_1_167' title='bbox 416 4513 466 4548; x_wconf 83' lang='lat' dir='ltr'>sou</span> <span class='ocrx_word' id='word_1_168' title='bbox 480 4497 585 4555; x_wconf 76' lang='lat' dir='ltr'>(aliud)</span> <span class='ocrx_word' id='word_1_169' title='bbox 600 4512 701 4546; x_wconf 84' lang='lat' dir='ltr'>nomeu</span> <span class='ocrx_word' id='word_1_170' title='bbox 718 4496 741 4544; x_wconf 59' lang='grc' dir='ltr'>(ἶ</span> 
     </span>
    </p>
   </div>
   <div class='ocr_carea' id='block_1_9' title="bbox 0 0 1700 5122">
    <p class='ocr_par' dir='ltr' id='par_1_10' title="bbox 0 0 1700 5122">
     <span class='ocr_line' id='line_1_31' title="bbox 0 0 1700 5122; baseline 0 2"><span class='ocrx_word' id='word_1_171' title='bbox 0 0 1700 5122; x_wconf 95' lang='lat' dir='ltr'> </span> 
     </span>
    </p>
   </div>
  </div>
 </body>
</html>
