3390 5122
386 456 422 515 1⁶2
824 464 965 512 munim
985 466 1089 512 novur

472 626 526 692 Ex
545 624 588 690 iis
607 622 811 689 difficillime
841 623 995 689 omnium
1024 623 1201 710 problema
1224 621 1419 689 universale
1438 620 1527 687 affir-

384 752 554 819 mativum
573 750 742 817 ast-ruitur
764 749 997 837 facillimeque
1021 750 1200 833 evertitur3
1220 750 1415 816 universale
1434 748 1528 815 enim

384 878 520 945 tollitur
543 877 615 942 sive
644 875 734 942 nulli
763 875 861 960 insit,
886 876 958 943 sive
976 876 1081 941 alicui
1108 898 1179 942 non
1209 875 1308 959 insit,
1326 874 1392 940 hoc
1410 881 1527 940 autem

385 1003 478 1092 quod
496 1009 548 1069 est
566 1001 670 1069 alicui
697 1023 767 1067 non
790 1001 901 1067 inesse
923 1002 1089 1088 probatur
1108 1002 1146 1067 in
1169 1001 1343 1085 omnibm,
1363 1000 1451 1065 nulli
1470 1022 1528 1065 au·

341 1135 362 1199 5
385 1136 455 1194 tem
475 1129 585 1194 inesse
614 1128 652 1193 in
671 1127 804 1193 duabus
831 1127 1084 1193 manifestatur.
1103 1127 1195 1192 Huic
1222 1126 1427 1192 difficultate
1450 1147 1528 1190 con-

385 1253 586 1320 structionis
605 1255 802 1342 proximum
825 1261 877 1319 est
904 1255 1100 1321 universale
1127 1254 1344 1340 negativum,
1369 1252 1462 1339 quod
1486 1275 1528 1317 ex

384 1379 449 1445 hoc
475 1380 567 1465 quod
596 1380 651 1445 vel
675 1379 769 1446 omni
796 1381 852 1446 vel
875 1380 980 1446 alicui
1003 1380 1088 1446 insit
1117 1381 1316 1447 destruitur.
1340 1376 1532 1445 Particula-

384 1508 437 1574 ria
452 1530 533 1576 vero
557 1508 665 1575 altero
688 1515 826 1575 tantum
844 1509 1041 1576 refutantur
1060 1509 1174 1595 modo,
1193 1510 1258 1575 hoc
1277 1508 1417 1595 quidem
1437 1506 1529 1594 quod

384 1634 495 1718 omni,
510 1633 598 1701 illud
616 1641 731 1700 autem
751 1636 843 1721 quod
861 1636 957 1702 nulli.
976 1637 1065 1714 Quia
1081 1658 1161 1702 vero
1178 1636 1214 1701 in
1231 1635 1389 1723 pluribus
1406 1633 1527 1720 figuris

320 1760 363 1825 10
386 1751 614 1828 inveniuntur
637 1767 741 1847 atque
760 1761 883 1845 modis,
904 1763 1007 1850 longe
1031 1762 1168 1828 facilius
1188 1785 1291 1847 quam
1315 1759 1527 1827 universalia

385 1885 644 1952 confirmantur.

541 2077 683 2148 Figura
703 2077 999 2148 complicationis
1020 2078 1135 2136 trium
1155 2079 1370 2149 figurarum.
1551 2065 1648 2129 a6'
1676 2076 1692 2093 ·

816 3923 894 3990 VH.
919 3924 1104 3991 tritantur.

473 4131 529 4197 Ab
549 4131 617 4197 alio
636 4152 753 4197 rursus
777 4131 950 4219 principio
973 4141 1077 4218 atque
1097 4132 1209 4220 eapite
1233 4128 1329 4199 velut
1353 4133 1529 4200 exordien-

322 4260 361 4324 Ιὸ
385 4257 496 4342 tibus,
532 4257 656 4346 positis
694 4257 828 4323 duobus
859 4259 1084 4345 problematis
1112 4259 1288 4344 terminia,
1318 4260 1526 4347 respiciatur

476 4528 492 4578 2
508 4528 672 4579 adstruitur
687 4528 711 4577 G
775 4528 806 4577 10
822 4528 1013 4580 universalita
1026 4528 1051 4578 Ρ
