3390 5122
316 395 375 453 296
754 409 894 453 manuni
915 408 1016 452 imvm

405 579 421 624 u
443 564 480 629 Si
499 565 633 630 numeri
654 565 795 651 figurati
814 565 911 629 iuxta
935 568 1045 630 lucem
1065 572 1099 629 et
1117 565 1285 630 virtutem
1305 565 1400 630 tertii
1417 565 1459 629 si-

314 691 392 777 gilli
409 691 553 774 fnerint,
571 712 641 755 non
660 691 770 755 solum
790 691 919 777 optime
935 691 1001 755 tibi
1021 692 1230 757 constabunt
1242 690 1296 756 sui
1308 690 1457 778 specula,

315 838 430 882 rorum
464 838 693 901 sensuumque
726 823 761 880 et
786 815 963 901 signorum
988 817 1176 902 imagineS,
1209 816 1268 881 sed
1297 823 1331 880 et
1362 815 1458 881 vario

315 941 610 1009 concatenationis
628 940 748 1007 ordine
759 947 926 1029 perpetua
946 964 1059 1007 rernm
1079 942 1163 1007 fient
1179 942 1434 1029 conceptacula.

270 1082 290 1144 ῑ)
403 1080 419 1127 n
447 1067 534 1131 Heio
555 1066 641 1131 milri
666 1065 816 1131 occurrit
840 1066 932 1152 quod
955 1067 1103 1133 secundo
1127 1074 1179 1132 est
1203 1066 1398 1133 addendum
1418 1067 1460 1132 si·

313 1193 408 1279 gille,
429 1192 458 1257 si
474 1191 659 1257 verborum
673 1192 772 1277 signa
784 1190 931 1256 debeant
950 1214 1022 1257 esse
1038 1192 1182 1257 numeri.
1203 1191 1333 1257 Eorum
1353 1192 1460 1256 circu-

314 1318 380 1400 lus,
412 1340 472 1383 sen
501 1315 691 1403 digitorum
721 1316 899 1383 distinctio
925 1317 1085 1383 manibus
1111 1316 1325 1404 compleatur
1355 1323 1460 1401 atque

314 1441 473 1528 pedibus,
493 1441 552 1526 qui
572 1439 800 1506 characterem
819 1441 948 1527 viginti
967 1440 1156 1507 formarum
1172 1449 1207 1506 et
1226 1440 1371 1507 totidem
1390 1464 1460 1505 ma-

314 1566 413 1632 teriei
431 1589 557 1654 genera
576 1565 712 1631 referat.

755 1828 907 1894 CAPVT
939 1829 1016 1895 VII.

761 1974 864 2024 Slglllum
879 1973 918 2013 v1.
934 1974 1016 2014 Arbor.

405 2194 512 2261 Cuius
531 2194 663 2260 radices
680 2193 837 2261 referunt
854 2200 1065 2280 truncusque
1084 2203 1205 2261 catena

314 2321 493 2405 Ramoque
512 2318 549 2383 in
568 2318 690 2383 seriem
710 2340 789 2383 mox
808 2318 1086 2405 multiplicantur
1102 2321 1254 2385 eandem.

314 2445 404 2510 Nam
423 2445 518 2510 velut
537 2467 680 2512 ascensu
699 2467 739 2509 ac
757 2443 922 2510 descensu
941 2444 990 2510 ibi
1010 2444 1147 2532 singula
1168 2452 1304 2532 captas,
1484 2463 1578 2526 191

252 2575 291 2636 15
313 2570 400 2635 Heic
420 2570 525 2635 etiam
545 2570 588 2635 ad
608 2569 764 2634 dextram
780 2573 980 2635 convertere
999 2576 1103 2656 atque
1122 2569 1310 2653 sinistram,

315 2697 364 2764 Ut
383 2703 485 2762 notus
506 2696 623 2760 veniat
643 2694 709 2760 tibi
728 2701 844 2759 cortex
863 2702 966 2780 atque
987 2694 1151 2776 medulla,

314 2822 522 2903 Introrsum,
540 2827 748 2901 extrorsum,
765 2827 975 2903 antrcrsum,
997 2819 1178 2907 capiasque
1196 2827 1404 2905 retrorsum,

314 2947 443 3028 Radix,
464 2946 564 3033 stips,
586 2968 714 3027 ramuS,
731 2945 858 3031 palma,
877 2944 984 3028 frons,
1002 2945 1146 3028 semina,
1164 2946 1272 3011 flores

315 3072 442 3137 Iccirco
462 3072 498 3135 in
514 3071 688 3159 pyramim
706 3076 903 3155 surgentem
924 3092 1023 3135 cerne
1042 3070 1203 3155 figuram,

248 3204 292 3267 ‘20
314 3196 415 3262 Unde
434 3203 485 3261 est
504 3196 671 3261 iudicium
691 3217 857 3278 crescens,
878 3195 1026 3261 intentio
1042 3195 1155 3276 dives,

314 3320 403 3385 Nam
424 3343 656 3405 quaecumque
676 3321 769 3386 voles
788 3319 935 3385 aliorum
954 3319 995 3384 de
1016 3322 1247 3386 monumentis

313 3445 460 3510 Lumine
480 3446 589 3532 deque
606 3453 666 3510 tuo
686 3444 928 3533 comprendere
948 3453 982 3510 et
1001 3445 1120 3510 ordine
1139 3468 1220 3511 vero

314 3571 487 3657 Inquisita
504 3571 578 3637 dari
597 3571 652 3635 vol
670 3571 902 3658 perquirenda
922 3570 1036 3653 citari,

314 3697 419 3762 Istius
438 3697 481 3762 ad
501 3718 657 3761 normam
673 3696 813 3783 plantae
829 3697 1021 3762 revocanda
1038 3696 1203 3762 iubemus.

247 3830 290 3892 ‘25
313 3823 401 3887 Hcic
421 3829 501 3888 sunt
518 3822 650 3887 radices
670 3845 758 3906 quae
777 3830 858 3887 sunt
874 3824 917 3887 ab
935 3823 1067 3907 origine
1087 3822 1216 3908 prima,

314 3947 380 4013 Aio
400 3947 624 4033 principium,
646 3947 808 4028 fundans,
827 3970 929 4012 causa
949 3954 1051 4031 atque
1071 3948 1287 4012 clementum.

314 4070 370 4136 Ad
388 4071 542 4159 stipitem
562 4071 690 4136 referas
710 4078 877 4156 quantum
897 4080 948 4137 est
968 4072 1115 4136 essentia
1136 4078 1169 4135 ot
1186 4096 1270 4153 esse,

315 4195 393 4261 Sint
412 4196 500 4260 varii
521 4197 685 4283 appulsus
705 4197 807 4279 rami,
824 4197 963 4261 virtutis
983 4197 1128 4262 honores

405 4392 704 4442 vlccncathcnationis
784 4396 876 4452 ilva]
900 4410 948 4443 vn.
1025 4395 1055 4443 12
1073 4395 1207 4445 cathena:
1226 4395 1306 4458 forse
1327 4400 1458 4443 catonum

315 4475 344 4522 16
362 4489 416 4537 sqq.
430 4471 481 4533 sic,
495 4471 515 4521 ic
527 4490 549 4521 r.
567 4474 597 4520 17
610 4473 675 4521 sara
690 4472 725 4521 d«
737 4489 824 4536 porro
839 4472 952 4525 innovat
964 4474 993 4522 ol
1008 4492 1029 4523 r.
1047 4476 1078 4523 16
