3390 5122
323 375 383 432 220
762 392 898 436 rounam
922 393 1021 437 navm

322 546 487 631 gnanimo
506 546 631 612 frontis
651 546 770 611 decore
786 547 927 611 arrectis
947 549 1036 612 circa
1054 547 1219 629 crinibus,
1236 546 1325 610 unde
1345 545 1464 610 brevia

324 671 438 737 sedin
458 672 793 759 speciesolidissima
816 682 851 738 et
875 672 1072 738 acuminata
1097 674 1194 758 quasi
1219 670 1349 757 Appuli
1372 671 1464 734 tauri

325 818 452 861 cornua
471 796 650 883 prodeunt.
672 796 782 883 Super
802 798 932 863 casside
949 797 1147 862 Chimaerae
1168 802 1271 881 caput
1287 796 1461 860 flammam

323 923 513 987 evomentis
540 929 692 1008 gestans,
718 944 895 1006 nervosus
915 930 1126 1009 pectorosus,
1153 920 1464 1000 lacertos1m‚latis

279 1041 299 1104 ὅ
322 1045 488 1130 humeris,
508 1047 676 1112 mediocre
696 1054 843 1131 statura,
868 1047 1003 1112 villosis
1022 1047 1181 1112 manibus
1201 1054 1236 1111 et
1253 1046 1400 1133 pedibus
1421 1045 1465 1110 ad

322 1172 450 1237 iustam
470 1171 606 1257 quidem
625 1194 821 1237 mensuram
841 1172 921 1236 latis
937 1179 972 1236 et
992 1172 1078 1236 bene
1097 1171 1268 1253 formatis,
1286 1171 1344 1235 sed
1364 1171 1462 1255 quasi

321 1297 415 1363 ultra
434 1296 604 1362 rationem
628 1303 710 1376 (non
738 1297 811 1390 sine
831 1296 971 1383 energia
990 1296 1130 1378 maiore)
1162 1296 1385 1382 longioribus.
1406 1296 1463 1360 In·

321 1431 461 1506 gentem
484 1421 626 1487 sinistra
649 1445 691 1487 ex
715 1445 791 1487 aere
810 1428 862 1505 (ut
886 1429 1042 1509 apparet)
1067 1421 1176 1487 solido
1201 1429 1337 1486 scutum
1360 1422 1462 1486 susti-

321 1554 389 1627 net,
402 1547 439 1612 in
455 1568 522 1631 quo
535 1547 699 1634 tricipitis
719 1547 876 1612 draconis
891 1547 1058 1612 terribilis
1079 1548 1209 1612 caelata
1227 1547 1341 1629 imago
1359 1547 1463 1632 longa

259 1676 299 1737 10
322 1680 356 1736 et
374 1672 470 1737 velut
488 1671 710 1738 adamantina
729 1673 772 1738 de
787 1672 902 1739 fronte
917 1673 1057 1759 cuspide
1070 1672 1237 1758 prodente
1252 1673 1365 1758 clypei
1386 1696 1464 1738 cen-

321 1804 414 1863 trum
429 1798 715 1885 pernitiosissime
734 1806 899 1880 armatum
917 1799 1038 1863 dextra
1057 1821 1138 1863 vero
1155 1799 1299 1864 rutilum
1319 1810 1353 1864 et
1368 1801 1464 1865 velut

322 1922 423 2009 igneo
440 1922 619 2010 splendore
639 1925 754 1989 oculos
766 1924 1056 2010 perstringentem
1069 1925 1185 1989 vibrat
1204 1924 1368 2009 gladium.
1384 1924 1462 1989 Stat

322 2075 424 2139 snper
448 2059 613 2138 quattuor
641 2060 793 2118 rotarum
825 2075 974 2134 currum,
1001 2075 1102 2136 quem
1135 2061 1283 2136 quatuor
1311 2051 1462 2137 alipedes

324 2178 403 2263 equi
431 2178 588 2262 trahunt,
617 2177 738 2262 auriga
767 2177 861 2243 illius
884 2177 1051 2255 infaust0‚
1076 2178 1280 2262 sanguineo,
1301 2177 1459 2263 viperino

258 2308 298 2369 15
322 2303 435 2386 vulta,
455 2303 651 2368 sublivente
670 2302 781 2367 colore
809 2303 896 2388 vigil
924 2302 1077 2368 lbemina
1107 2303 1299 2386 (Bellonam
1329 2303 1461 2383 dicunt)

320 2427 430 2513 flagro
462 2427 553 2513 regit
583 2427 789 2513 serpentino.
818 2428 995 2492 Ambobus
1025 2426 1085 2492 illo
1117 2427 1255 2512 quidem
1288 2450 1308 2491 a
1337 2427 1458 2513 puppi,

320 2552 384 2616 hac
403 2574 483 2616 vero
503 2575 523 2616 a
543 2575 661 2618 currus
680 2574 783 2639 prora
799 2553 971 2617 stantibus
991 2552 1067 2617 visu
1081 2553 1157 2638 plus
1178 2575 1281 2637 quam
1300 2552 1369 2616 dici
1386 2574 1462 2638 pos-

322 2676 368 2741 sit
387 2676 605 2743 formidabile
632 2676 818 2742 fnlmineae
838 2678 1013 2742 cuiusdam
1033 2677 1180 2742 refertur
1199 2677 1370 2764 specimen
1391 2676 1460 2741 vio-

323 2802 449 2867 lentiae
467 2804 545 2889 plus
563 2825 665 2888 quam
684 2803 835 2868 virtutis.

255 2930 299 2993 20
412 2927 568 2993 Secunda
589 2928 717 3014 imago:
739 2951 877 2994 currum
896 2929 1067 2994 antecedit
1090 2929 1205 3015 lupus,
1225 2935 1259 2993 ot
1276 2951 1334 2992 rex
1354 2929 1459 2992 rubro

322 3052 463 3118 indutus
479 3053 684 3119 vestimento
701 3054 821 3140 lupum
840 3054 1012 3138 equitans,
1033 3054 1191 3119 effractae
1215 3053 1253 3117 in
1278 3076 1382 3118 mann
1402 3053 1460 3117 lia-

323 3178 406 3243 bens
423 3179 520 3263 quasi
539 3179 626 3267 legis
643 3178 788 3244 tabulas.

328 3348 330 3352 -
410 3303 529 3370 Tertia
548 3305 675 3389 imago:
694 3326 831 3369 currum
860 3303 1014 3388 sequitur
1032 3304 1147 3369 hircus
1167 3312 1201 3368 et
1226 3312 1383 3368 matrona
1403 3314 1460 3383 (nan

322 3429 441 3514 regina
464 3429 526 3511 sit,
547 3429 673 3512 nescio)
697 3429 847 3505 heroice,
868 3428 927 3493 sed
957 3428 1142 3493 immitiore
1173 3429 1277 3493 etiam
1303 3438 1457 3515 aspectu,

255 3555 297 3616 ‘25
321 3555 416 3620 fulva
435 3555 471 3619 in
489 3562 583 3619 veste
601 3554 652 3618 nil
671 3554 800 3619 habens
816 3562 952 3640 praeter
967 3554 1116 3639 virgam,
1142 3554 1280 3634 clausis
1300 3568 1340 3618 nt
1360 3554 1459 3618 vido-

321 3689 391 3762 tur,
410 3679 518 3745 oculis
538 3678 760 3745 subsolanum
780 3702 898 3744 versus
914 3701 1088 3743 conversa.

410 3809 554 3885 Quarta:
567 3807 742 3872 horribilis
754 3815 788 3871 et
808 3806 907 3870 valde
922 3806 999 3870 visu
1014 3808 1125 3893 turpis
1143 3806 1380 3870 ministrorum
1398 3830 1459 3871 nn-

321 3961 433 4002 merus
446 3947 680 4018 cornutorum,
695 3935 965 4021 lymplratorum‚
987 3933 1094 4017 quiin
1112 3955 1239 3997 morem
1261 3937 1264 4016 1
1287 3935 1462 3998 Bacchan-
1488 3939 1586 4002 123

320 4073 393 4130 tum
419 4074 493 4130 atro
518 4067 615 4150 quasi
638 4065 712 4151 lupi
741 4064 876 4128 ululatu
902 4069 935 4125 et
956 4061 1051 4124 velut-
1075 4061 1179 4125 boves
1204 4062 1365 4147 mugiunt
1389 4084 1459 4145 ore,

839 4211 1060 4220 --———
1337 4212 1453 4223 —q

412 4277 455 4324 5c
475 4274 504 4322 18
526 4272 666 4322 mediocre
685 4288 697 4320 c
719 4268 909 4335 formidabile}
926 4267 963 4318 sic
1040 4268 1175 4317 8altrooe
1198 4274 1310 4316 scutum
1335 4265 1347 4314 ὲ
1367 4275 1459 4316 nemra

320 4353 403 4403 anclie
416 4370 468 4416 per
486 4352 507 4402 il
527 4353 621 4402 Bruno
700 4353 715 4400 9
732 4351 824 4400 celata
840 4351 944 4410 imago.
965 4349 1062 4409 Longa
1143 4348 1170 4395 lzl
1187 4363 1241 4409 sqq.
1262 4346 1311 4405 sic,
1327 4363 1369 4395 narr
1386 4364 1408 4396 c.
1428 4349 1456 4395 la

314 4434 545 4499 fiynraap.225
612 4435 640 4482 14
658 4434 786 4482 trabunt.
803 4429 913 4491 Auriga
976 4429 1006 4476 15
1022 4428 1146 4477 faemina
