3390 5122
223 418 283 480 344
663 432 803 479 rounam
823 430 926 477 savar

130 686 131 691 γ
222 597 364 676 turaque
387 589 583 656 huiusmodi
602 589 760 655 detrusus
789 593 962 675 appareat.
987 585 1069 651 Ideo
1099 583 1216 650 nullus
1238 582 1379 670 princi-

223 737 305 802 pum
333 714 571 802 legislatorum
595 721 703 799 extat,
729 713 789 798 qui
812 735 893 779 suae
922 712 1009 798 legis
1033 709 1282 777 authoritatem
1309 714 1381 774 aut

223 839 424 906 institutum
440 839 485 905 ad
502 839 654 925 aliquem
673 840 825 905 Deorum
843 858 915 903 non
937 835 1106 903 retulerit.

313 965 446 1032 Deinde
472 987 537 1052 pro
564 965 659 1032 cultu
688 963 891 1050 adaugendo
919 969 1002 1029 sunt
1027 961 1114 1028 haec
1141 967 1379 1048 argumenta,

180 1097 201 1161 5
224 1087 284 1183 (1)
307 1090 389 1175 quia
411 1090 514 1156 rebus
537 1088 666 1157 divinis
690 1089 814 1156 addere
838 1087 1041 1173 easdemque
1069 1107 1272 1174 promovere
1296 1106 1379 1152 non

225 1222 278 1281 est
296 1237 352 1280 eas
376 1215 551 1281 destruere
570 1223 605 1282 et
624 1215 745 1281 tollere
768 1214 824 1280 vel
848 1213 1006 1295 alterare,
1028 1211 1087 1278 sed
1104 1210 1220 1299 potius
1239 1216 1293 1275 est
1316 1232 1379 1276 ro·

225 1341 359 1424 horare,
383 1340 597 1421 confirmare,
623 1338 780 1406 stabilire
803 1360 863 1405 seu
886 1338 1038 1419 sancire;
1061 1338 1091 1403 2.
1116 1337 1198 1423 quia
1227 1334 1377 1422 antiqui

224 1485 288 1552 pro
300 1464 434 1531 ratione
450 1471 659 1552 temporum,
672 1465 840 1546 locorum,
851 1462 1075 1545 facultatum,
1096 1464 1101 1547 1
1122 1460 1378 1529 sacrificiorum
1407 1470 1519 1534 130
1535 1468 1574 1534 G

225 1589 314 1655 ritus
330 1595 434 1676 atque
449 1612 594 1677 pompas
610 1589 811 1672 variabant,
829 1589 859 1654 3.
880 1589 965 1655 item
980 1587 1170 1654 verisimile
1185 1593 1238 1653 est
1254 1585 1376 1654 Deum

160 1721 203 1787 10
225 1715 348 1783 maiori
375 1715 490 1783 auimo
518 1722 622 1800 atque
649 1714 770 1781 favore
793 1713 961 1802 respicere
984 1713 1028 1779 ad
1058 1734 1128 1798 eos,
1159 1712 1219 1800 qui
1242 1713 1375 1780 maiori

226 1840 321 1907 cultu
349 1861 419 1907 uon
447 1841 557 1907 solum
581 1847 616 1906 et
634 1838 811 1924 inlterno,
831 1838 891 1904 sed
908 1845 1064 1921 exteru0,
1084 1860 1167 1926 erga
1185 1838 1300 1925 ipsum
1319 1839 1375 1905 af·
1401 1842 1482 1907 38
1497 1845 1542 1906 F

226 1964 408 2049 fioiuntur3
433 1966 464 2031 4.
488 1965 572 2030 item
597 1965 680 2050 quia
703 1987 745 2030 ex
766 1964 889 2031 horum
913 1964 1126 2030 incremento
1149 1963 1296 2029 aliorum
1319 1988 1375 2030 se·

126 2080 129 2085 ’
227 2088 345 2175 quitur
359 2089 624 2171 incrementum,
638 2096 758 2178 utpote
770 2088 938 2172 iustitiae,
949 2088 1128 2173 utilitatis,
1140 2085 1374 2154 iucunditatis

228 2221 262 2281 et
286 2213 549 2282 commoditatis.

163 2336 204 2400 15
316 2339 447 2425 Tertio,
472 2340 533 2406 ubi
556 2341 668 2407 cultus
687 2341 754 2406 erit
773 2339 1025 2423 extenuandus,
1044 2345 1183 2406 exstant
1200 2339 1285 2405 haee
1302 2361 1376 2405 me-

227 2464 302 2549 dia,
329 2466 357 2530 1.
381 2487 424 2530 ex
446 2474 546 2552 parte
564 2473 772 2552 temporum,
792 2466 945 2532 locorum
969 2470 1008 2529 et
1022 2463 1256 2550 fortunarum,
1282 2486 1376 2552 quae

229 2592 346 2659 omnia
365 2593 401 2659 in
418 2592 568 2659 deterius
583 2599 666 2658 sunt
683 2593 860 2681 prolapsa,
879 2594 909 2658 2.
927 2592 1096 2678 quianon
1112 2597 1164 2656 est
1182 2590 1376 2657 verisimile

227 2718 517 2805 perfectissimum
537 2724 571 2784 et
591 2717 846 2784 sanctissimum
866 2717 976 2783 Deum
996 2716 1107 2804 magis
1127 2715 1170 2781 ad
1189 2722 1377 2782 externum

230 2843 362 2909 cultum
381 2850 484 2928 atque
507 2865 682 2932 pompam,
703 2865 807 2928 quam
827 2842 870 2908 ad
889 2842 1062 2908 internam
1080 2841 1248 2928 pietatem
1266 2847 1378 2925 atque

163 2969 208 3032 ‘20
230 2967 444 3055 religionem,
463 2969 578 3035 oeulos
593 2968 787 3053 advertere3
805 2971 834 3033 3.
853 2968 935 3055 quia
953 2967 1138 3033 ridiculum
1155 2971 1219 3048 est,
1235 2965 1266 3031 si
1284 2987 1379 3031 mor-

230 3093 315 3157 tales
328 3114 431 3178 supra
447 3092 537 3160 vires
556 3093 689 3180 aliquid
705 3099 880 3160 attentent
895 3098 998 3178 atque
1010 3091 1214 3174 moliantur,
1238 3090 1268 3153 4.
1289 3089 1378 3174 quia

230 3217 479 3283 solennitatum
503 3218 683 3284 celebritas
701 3226 736 3284 et
747 3240 875 3306 pompa
894 3239 964 3282 non
980 3218 1091 3282 solum
1110 3239 1181 3283 uon
1200 3215 1237 3281 in
1252 3220 1379 3280 nostra

230 3343 408 3408 voluntate
421 3344 476 3409 vel
486 3342 662 3427 facultate,
674 3343 732 3409 sed
745 3343 893 3430 quodam
903 3342 1063 3408 fortunae
1075 3341 1218 3407 arbitrio
1231 3338 1299 3405 sita
1310 3349 1378 3405 est.

324 3635 374 3684 1.2
392 3635 574 3700 Principum,
586 3633 787 3696 legislatorum
798 3631 824 3681 l‘
866 3629 1140 3682 accelerantem&
1187 3631 1203 3681 5
1219 3633 1271 3689 (1.)
1285 3645 1335 3679 cm.
1351 3632 1384 3681 F

230 3717 279 3765 &9
295 3715 516 3777 sacrificiorum,
527 3714 602 3763 ritus
612 3712 638 3761 F
684 3716 711 3762 u
731 3711 779 3780 [ot]
795 3712 922 3774 interno,
935 3712 983 3761 sod
995 3719 1050 3769 (ot)
1063 3719 1184 3763 externo
1200 3710 1224 3761 (3
1270 3710 1379 3764 2211011

232 3796 327 3846 solum
345 3811 403 3846 nou
421 3796 458 3845 F:
475 3810 532 3844 non
549 3791 679 3844 solumG
742 3794 773 3841 ¹23
791 3793 847 3851 (in)
865 3794 986 3858 quodam
1002 3793 1026 3842 (ἰ
