3390 5122
679 462 820 509 tonnam
842 461 944 507 stnl

715 728 816 794 CAP.
851 727 897 793 H.

439 877 587 918 Enumeratio
601 886 692 919 eorum.
707 885 765 924 quaa
781 872 897 923 pecularia
912 870 1031 920 requirunt
1046 868 1168 920 alphabeta

609 958 649 998 pro
664 946 776 987 varianda
790 944 896 985 dictionis
910 942 991 984 forma.

322 1135 557 1223 Suppeditant
576 1134 676 1200 nobis
695 1133 880 1201 verborum
899 1154 959 1199 seu
976 1131 1159 1219 phrasinm
1182 1131 1384 1197 innumera-
1412 1141 1490 1204 99
1502 1140 1545 1202 F

187 1265 208 1327 ἶ)
231 1262 337 1328 bilem
356 1259 616 1326 multitudinem
636 1259 816 1345 sequentia
833 1281 921 1345 quae
940 1257 1162 1346 disponemus
1178 1256 1377 1345 alphabeta,

155 1371 160 1380 ⁶
231 1386 324 1453 haud
348 1384 486 1470 quidem
505 1383 812 1470 grammaticorum
831 1390 866 1449 et
884 1382 1160 1449 humanistarum
1184 1403 1294 1464 more,
1316 1382 1380 1467 qui

229 1513 424 1602 promiscue
466 1535 691 1600 quaecunque
730 1521 916 1580 occurrunt
957 1512 1064 1579 variis
1103 1511 1214 1578 modis
1249 1511 1379 1578 docent

229 1639 419 1723 inflectere,
439 1639 493 1705 uti
511 1639 639 1705 formas
658 1639 910 1706 reddendarum
927 1639 1133 1726 gratiarum,
1155 1638 1377 1720 obsecrandi,

230 1765 315 1830 item
335 1770 420 1850 quot
443 1764 554 1831 modis
574 1765 652 1849 quis
669 1764 779 1851 possit
798 1764 910 1831 dicere
928 1788 964 1830 se
984 1764 988 1854 Ι
1009 1763 1158 1847 venisse,
1178 1762 1295 1847 ivisse,
1317 1787 1379 1850 ga·
1410 1764 1565 1832 1576

103 1976 107 1981 .
167 1897 209 1959 10
230 1891 357 1973 visum,
376 1890 554 1956 tristatum
586 1895 663 1972 etc,
692 1913 779 1976 quae
797 1890 914 1956 omnia
933 1889 1090 1978 apprime
1109 1889 1258 1978 puerilia
1281 1896 1377 1956 sunt.

232 2016 269 2081 Si
289 2015 349 2102 qui
368 2015 461 2080 enim
480 2020 599 2081 carent
619 2014 772 2100 ingenie,
793 2038 833 2082 ea
851 2015 1077 2082 multitudine
1093 2014 1192 2082 abusi
1211 2014 1253 2080 de
1272 2021 1377 2081 tanto

231 2162 337 2206 cornu
362 2139 480 2226 copiae
499 2139 653 2227 inopiam
677 2146 866 2206 extremam
888 2141 1048 2206 referent.
1073 2140 1112 2206 si
1136 2141 1196 2226 qui
1219 2163 1302 2208 vero
1326 2141 1381 2208 in·

230 2265 365 2352 geniosi
383 2264 578 2349 extiterint,
594 2287 657 2352 per
675 2287 711 2329 se
730 2266 835 2352 ipsos,
862 2265 946 2352 quid
965 2273 999 2331 et
1024 2264 1210 2351 quomode,
1235 2287 1378 2352 quoque

229 2391 304 2457 loco
323 2396 358 2455 et
378 2391 555 2457 occasione
578 2389 762 2456 dicendum
783 2390 828 2456 sit
851 2396 886 2455 et
904 2389 1162 2477 proferendum,
1187 2391 1295 2478 probe
1314 2414 1379 2458 no·

164 2521 206 2585 15
229 2516 358 2600 verint,
388 2515 472 2580 adeo
505 2522 544 2582 ut
575 2516 661 2580 tales
691 2522 861 2581 tractatus
888 2516 932 2582 ad
962 2516 1094 2581 nuliam
1127 2514 1268 2581 omnino
1299 2539 1377 2584 rem

228 2639 340 2705 facere
359 2639 557 2722 videantur,
578 2663 641 2705 nec
662 2648 845 2727 propterea
865 2639 1043 2706 cuiusdam
1066 2640 1235 2727 principis
1254 2640 1378 2707 hnma-

228 2763 339 2830 nistae
351 2764 504 2831 studium
517 2764 758 2852 improbarint,
770 2765 829 2851 qui
843 2765 884 2830 de
897 2765 995 2853 copia
1008 2765 1191 2832 verborum
1204 2765 1253 2831 ita
1267 2767 1376 2854 scrip-

228 2889 273 2954 sit
286 2911 355 2955 non
376 2890 381 2978 Ι
402 2891 650 2974 necessariam
663 2896 754 2955 certe
767 2890 872 2956 etiem
882 2913 945 2977 pro
958 2912 1051 2957 more
1063 2891 1182 2979 inepta
1195 2891 1377 2979 scripsisse
1407 2903 1510 2966 100
1522 2905 1561 2966 F

227 3013 396 3080 videatur.
417 3013 492 3081 Iam
506 3015 614 3101 igitur
625 3036 688 3103 pro
703 3015 801 3103 ipsis,
818 3037 906 3101 quae
924 3017 1118 3103 praesentis
1131 3016 1216 3083 artis
1234 3025 1375 3105 partem

160 3139 446 3206 accersiturum
477 3148 580 3226 atque
610 3139 891 3225 fundamentum,
917 3142 1066 3226 quaein
1091 3143 1186 3209 omni
1213 3142 1374 3211 discursu
1399 3206 1401 3210 ,

227 3271 261 3328 et
280 3264 435 3330 oratione
454 3273 664 3330 concurrunt
684 3265 792 3331 veluti
808 3273 937 3353 partes,
957 3288 1028 3332 non
1047 3267 1162 3333 minus
1179 3290 1282 3354 quem
1301 3291 1375 3334 cer·

227 3396 283 3453 tus
306 3397 341 3455 et
371 3388 533 3455 definitus
563 3390 743 3456 literarum
773 3413 949 3474 numerm,
979 3389 1154 3458 infinitam
1185 3393 1374 3460 verborum

226 3513 486 3580 multitudinem
503 3513 652 3581 conflare
671 3522 794 3603 potest.
815 3515 967 3582 Reieotis
986 3515 1096 3602 igitur
1110 3517 1269 3583 formulis
1288 3517 1372 3604 iltis,

226 3661 313 3724 qnae
331 3662 403 3704 non
421 3647 502 3705 sunt
521 3639 746 3724 universalem
764 3663 920 3728 quaeque
939 3641 983 3707 ab
1003 3642 1079 3730 ipsa
1098 3641 1148 3708 rei
1168 3643 1373 3709 tractandae

159 3767 202 3829 95
226 3765 372 3829 materia
399 3774 645 3851 suggeruntur,
675 3766 802 3833 formes
833 3774 937 3852 atque
968 3768 1120 3833 rationes
1139 3768 1370 3849 universales,

226 3912 313 3975 (puae
332 3890 375 3956 ad
394 3897 525 3957 certum
541 3913 723 3958 numerum
739 3892 884 3959 inferius
901 3892 1186 3980 distinguendum
1202 3893 1373 3959 reducun-

225 4023 295 4100 tur,
317 4014 515 4081 afferemus:

316 4141 432 4207 Primo
451 4163 514 4227 pro
531 4141 589 4223 iis,
611 4164 698 4227 quae
715 4142 758 4207 ad
777 4142 969 4230 simplicem
989 4145 1188 4228 dictionem,

317 4356 333 4404 6
350 4355 558 4405 umanistarum
576 4356 598 4406 (ἶ
662 4358 677 4406 Β
694 4356 737 4405 uti
751 4355 790 4404 F:
804 4354 874 4404 utG
940 4357 970 4405 10
986 4357 1135 4406 tristatum
1151 4367 1252 4418 (csso),
1269 4359 1323 4407 otc.
1342 4359 1369 4409 G

229 4436 266 4484 16.
280 4437 309 4485 li
327 4434 486 4485 'Erasmuur
502 4433 590 4486 innuit
607 4440 714 4486 ariolor'
733 4441 834 4485 anuota
853 4436 876 4485 G
941 4436 969 4484 li
987 4436 1138 4500 probarint
1158 4436 1194 4488 G:
1207 4438 1286 4502 soree
1303 4452 1369 4502 pro·

224 4513 335 4564 barim?
397 4516 429 4565 20
446 4530 575 4581 quaeque
591 4516 627 4577 G,
643 4533 686 4565 mo
699 4531 805 4580 neppur
819 4514 872 4565 cosi
885 4521 965 4566 torua
978 4515 1000 4566 u
1007 4514 1123 4581 periodo
