3390 5122
329 368 388 426 292
769 382 908 426 manuni
929 382 1030 427 unvai

329 545 402 605 toto
422 545 536 625 partes
555 544 636 603 sunt
662 544 831 620 aeternae,
858 561 946 623 quae
971 540 1080 620 vultu,
1101 561 1170 603 non
1190 539 1385 604 substantia
1411 562 1469 603 va·

331 664 473 729 riantur.
494 663 590 729 Idem
602 664 730 750 quippe
743 664 884 729 omnino
896 670 948 728 est
961 687 1064 750 aqua,
1082 687 1203 751 vapor,
1219 663 1373 748 flamma,
1395 687 1469 747 aer;

331 813 401 874 aer,
412 789 565 871 flamma,
576 811 697 876 vapor,
718 811 815 874 aqua.
836 787 956 874 Neque
969 810 1037 854 una
1053 789 1164 854 forma
1182 788 1288 855 habet
1307 789 1472 855 maiorem

330 919 403 984 vim
428 939 531 1002 quam
555 914 637 998 alia,
662 913 718 979 vel
746 914 904 981 altiorem
930 913 1171 980 conditionem.
1193 915 1231 979 Si
1254 915 1348 980 enim
1379 916 1472 1003 iguis

287 1048 307 1110 ἴ)
333 1042 448 1108 omnia
482 1039 673 1124 resolverit,
698 1038 834 1105 defectu
868 1038 1076 1123 resolubilis,
1107 1039 1199 1105 ultra
1223 1063 1295 1106 esse
1325 1041 1473 1106 cessabit

330 1166 437 1253 ignia,
462 1172 566 1251 atquc
590 1164 639 1231 sic
662 1164 852 1230 resolutum
879 1165 1006 1230 iterum
1034 1173 1242 1250 concrescet,
1268 1171 1302 1231 et
1329 1165 1371 1231 de
1395 1188 1473 1231 con-

330 1291 481 1356 cretione
493 1289 698 1379 nutriendus
711 1296 763 1372 (ut
773 1290 900 1355 nutriri
912 1294 1038 1376 potest)
1050 1290 1176 1356 iterum
1186 1291 1284 1357 venit
1297 1292 1399 1377 ignia,
1411 1292 1471 1377 qui

331 1417 395 1482 hoc
413 1417 487 1504 ipso
504 1416 596 1502 quod
615 1416 727 1501 (quasi
746 1416 850 1481 altius
863 1416 1022 1481 omnibus
1038 1416 1224 1502 imperans)
1239 1416 1391 1482 absumit
1403 1440 1472 1483 om-

330 1542 403 1627 nia,
427 1541 581 1608 vicissim
597 1539 657 1606 illa
672 1540 790 1605 cadem
804 1563 839 1605 se
852 1540 916 1605 sub
934 1540 1093 1606 omnibus
1109 1541 1290 1607 deficiente
1309 1541 1472 1607 restituit.

268 1669 309 1732 10
421 1682 439 1729 a
464 1668 594 1733 Eadem
614 1666 753 1732 omnino
773 1666 998 1731 terminorum
1013 1667 1115 1732 series
1128 1667 1209 1751 (alia
1221 1667 1474 1753 significatione

333 1797 521 1880 sumptum)
533 1792 698 1857 mundum
712 1798 752 1856 ut
764 1790 920 1856 tellurem
934 1792 1129 1897 lunamque,
1138 1814 1223 1876 quae
1234 1791 1334 1858 nobis
1345 1792 1388 1857 ab
1400 1792 1475 1855 uni·

332 1939 431 1982 verso
447 1916 724 2003 distinguuntur,
739 1916 884 1981 totidem
896 1916 1018 1982 mediis
1033 1915 1190 1980 ostendet
1202 1916 1473 2002 corruptibilem.

423 2042 540 2106 Primo
561 2065 602 2106 ex
625 2042 743 2123 armis,
761 2041 864 2106 idest
886 2041 1007 2107 mediis
1030 2041 1156 2127 quibus
1179 2049 1340 2107 constant
1362 2043 1472 2108 varia-

335 2166 472 2233 bilibus.

269 2299 310 2363 15
423 2291 578 2357 Secundo
587 2298 729 2379 propter
741 2291 831 2356 vires
845 2314 966 2356 causae
979 2291 1197 2377 particularis
1214 2301 1248 2357 et
1264 2292 1473 2377 immediato,

334 2440 420 2502 quae
439 2423 520 2481 sunt
539 2416 669 2499 finitae,
694 2417 783 2482 sicut
807 2416 963 2500 effectus,
984 2417 1176 2482 subiectum
1194 2424 1229 2481 et
1248 2418 1394 2483 subiecti
1414 2441 1474 2505 po·

334 2543 445 2606 tentia
468 2548 520 2606 est
542 2541 657 2620 finita;
682 2542 826 2607 materia
855 2542 960 2625 enim,
989 2542 1101 2607 forma
1128 2543 1307 2628 virtusque
1336 2545 1471 2610 telluris

236 2746 249 2770 ο
335 2673 386 2730 ost
405 2666 516 2748 finita,
535 2666 683 2751 qualitas
703 2666 894 2747 variabilis,
918 2667 1120 2752 compositio
1140 2668 1361 2734 dissolubilis.

423 2791 539 2856 Tertio
554 2798 699 2886 propter
712 2791 784 2856 eius
796 2792 1032 2879 symmetriam
1050 2800 1084 2857 et
1097 2800 1476 2880 conternpcramentum

270 2921 314 2984 ‘20
337 2916 527 3000 altnrnbsse,
548 2916 630 3001 quia
649 2937 718 2981 non
738 2917 822 2981 talia
846 2916 977 3002 profert
997 2917 1085 2982 sicut
1109 2919 1192 2983 olim
1216 2919 1388 2984 animalia.
1414 2920 1476 2984 Vel

337 3065 378 3105 ox
402 3049 506 3107 cantu
529 3042 796 3106 vaticinantinn:
814 3040 976 3108 'movebo
997 3043 1128 3108 caelum
1148 3051 1182 3107 et
1201 3045 1344 3110 terram*
1371 3045 1479 3110 idest

337 3167 491 3248 mutabo;
511 3166 596 3230 'una
617 3166 689 3230 dies
708 3165 807 3231 dabit
825 3167 930 3231 exitio
952 3174 1147 3252 terramque
1166 3169 1354 3256 polumque
1368 3169 1385 3233 ’.

426 3292 555 3369 Quarto
585 3298 726 3378 propter
749 3291 850 3356 huius
879 3292 1087 3377 reipublicae
1116 3294 1348 3359 membrorum
1373 3295 1480 3360 disso-

337 3418 502 3484 nantium.

271 3549 314 3612 25
428 3544 556 3620 Quinto
577 3545 658 3629 quia
677 3543 827 3608 efficiens
847 3552 881 3606 et
897 3566 1102 3609 conservans
1118 3551 1152 3608 et
1164 3545 1318 3610 formans
1335 3547 1407 3612 cius
1427 3555 1479 3613 est

337 3669 559 3735 secundarius
579 3677 613 3734 et
632 3668 841 3757 dependens,
862 3691 931 3733 non
951 3669 1092 3756 primus.

427 3794 530 3859 Sexto
556 3795 636 3880 quia
661 3794 764 3858 habet¹
788 3800 884 3857 extra
909 3818 944 3857 se
968 3816 1058 3877 oras,
1080 3795 1122 3859 ad
1145 3818 1228 3879 quas
1253 3805 1288 3860 et
1312 3820 1331 3862 a
1352 3798 1478 3882 quibus

339 3918 602 4004 dependentium
623 3926 824 4004 agnoscunt.

428 4043 582 4131 Septimo
606 4054 746 4131 propter
771 4044 1045 4108 vicissitudinem
1070 4044 1229 4128 dominii,
1255 4070 1341 4132 quam
1366 4055 1417 4111 est
1442 4049 1480 4113 in

273 4175 317 4238 30
339 4169 482 4255 imperio
511 4170 713 4252 formarnm3
743 4192 821 4233 curn
846 4169 937 4233 enim
962 4192 1003 4232 ex
1032 4168 1149 4233 eadem
1180 4172 1325 4236 materia
1354 4174 1399 4237 sit
1429 4174 1479 4238 sol

433 4367 462 4413 13
479 4368 564 4416 armis
575 4369 614 4427 (id
626 4368 680 4430 cst)
698 4365 797 4431 modijs
863 4367 892 4414 15
909 4365 1076 4430 particularis
1141 4364 1304 4414 morediano
1319 4366 1478 4430 (sic):sorsc

337 4445 517 4496 immediatae
580 4449 619 4495 21.
632 4448 663 4495 22
680 4455 785 4497 terrum
799 4447 826 4496 .i.
842 4446 957 4495 mutabo
1021 4446 1052 4493 ’ὢ
1068 4450 1214 4508 agnosunt
