3390 5122
563 423 756 468 Aarirroivu
776 423 982 487 panoniam,
1005 425 1025 471 1.
1308 413 1368 473 355

225 606 296 649 non
320 584 416 649 decet
438 584 573 671 prolixa
597 585 766 650 maiorum
785 585 871 650 serie
900 608 998 652 aures
1028 586 1224 654 auditorum
1250 610 1369 655 onera·

224 731 275 793 re,
300 709 452 794 adeoque
476 732 533 775 eos
556 716 692 775 tantum
716 710 857 794 referat,
874 711 934 797 qui
954 710 997 776 ad
1021 735 1092 777 rem
1114 712 1227 779 facere
1250 714 1368 779 viden·

225 840 304 917 tur),
330 834 358 899 si
390 857 471 900 vero
502 835 606 922 primi
629 842 766 902 tantum
796 836 960 917 celebres,
984 836 1144 903 facienda
1168 861 1285 904 eorum
1316 846 1368 905 est

224 958 363 1025 mentio.
381 959 488 1025 Porro
504 959 533 1025 si
553 960 697 1026 obscura
716 968 769 1025 est
791 961 931 1026 omnino
952 961 1121 1029 maiorum
1143 963 1248 1046 linea,
1268 987 1310 1029 ex
1329 987 1369 1031 eo

181 1084 334 1171 bipsius
362 1085 584 1151 nativitatem
617 1087 787 1153 celebrare
815 1087 965 1174 poteris,
997 1088 1088 1174 quod
1116 1112 1187 1155 non
1219 1090 1262 1156 ab
1291 1090 1368 1157 aliis

225 1210 419 1297 elargitam,
445 1218 661 1298 apparatam,
684 1212 988 1294 communicatam,
1008 1213 1068 1279 sed
1091 1237 1111 1280 a
1136 1237 1170 1280 se
1194 1215 1269 1302 ipso
1292 1238 1369 1302 par·

225 1341 297 1400 tam
327 1335 545 1401 nobilitatem
569 1335 804 1423 splendescere
839 1336 937 1420 facit,
971 1337 1055 1402 item
1087 1337 1168 1424 ‘qni
1201 1329 1370 1407 maiorum

224 1460 330 1549 gestis
353 1460 536 1547 gloriatur,
556 1460 717 1544 aliorum,
737 1483 808 1527 non
823 1462 964 1550 proprio
983 1463 1112 1529 honore
1131 1471 1166 1530 et
1184 1465 1367 1531 nobilitate

224 1586 391 1675 superbit,
406 1586 461 1652 vel
473 1586 613 1652 tandem
629 1610 664 1652 se
676 1609 746 1653 non
758 1611 830 1654 esse
845 1588 956 1654 veluti
971 1589 1076 1655 finem
1097 1595 1102 1675 ξ
1122 1591 1252 1676 gloriae
1265 1592 1368 1657 maio·
1394 1596 1464 1659 59
1478 1599 1522 1660 F

159 1717 202 1781 10
224 1733 315 1794 rum,
354 1712 413 1776 sed
446 1718 486 1777 ut
512 1712 724 1800 principium
753 1736 871 1780 eorum
908 1714 969 1801 qui
997 1715 1176 1782 succedere
1206 1715 1366 1803 debeant,

223 1860 293 1904 non
317 1840 377 1924 qui
400 1839 616 1927 splendorem
640 1841 684 1907 ab
708 1841 786 1906 aliis
809 1841 988 1929 suscipiat,
1014 1842 1073 1907 sed
1097 1843 1156 1929 qui
1182 1842 1367 1930 dignitatis

224 1987 304 2030 suae
327 1964 498 2052 fulgorem
532 1967 570 2031 in
603 1966 688 2032 alios
720 1966 864 2032 irradiet
887 1975 922 2032 et
945 1967 1120 2033 effundat?
1157 1971 1186 2034 2.
1211 1971 1242 2034 A
1266 1971 1368 2037 rebus

222 2091 476 2177 praesentibus,
494 2114 582 2180 quae
602 2100 684 2158 sunt
702 2094 758 2159 vel
780 2093 872 2159 bona
895 2093 1066 2180 corporis,
1085 2095 1142 2159 vel
1155 2094 1369 2162 bonafortu-

223 2238 300 2299 nae,
329 2218 384 2283 vel
410 2217 501 2283 bona
529 2218 651 2287 ammi:
683 2217 774 2284 bona
804 2218 975 2305 corporis,
1005 2226 1044 2284 ut
1072 2219 1220 2303 sanitae,
1249 2221 1366 2306 robur,

157 2351 198 2413 15
223 2343 429 2428 proceritas,
465 2343 704 2431 pulchritud0,
733 2345 970 2431 longaevitas3
995 2343 1086 2410 bona
1108 2344 1290 2429 fortunae,
1328 2355 1367 2413 ut

224 2469 338 2553 amici,
364 2470 468 2554 servi,
494 2470 652 2555 divitiae,
676 2471 826 2555 favores,
851 2470 1010 2555 honores,
1030 2471 1144 2537 virtus
1167 2480 1287 2538 contra
1311 2472 1368 2539 ho·

224 2601 305 2677 stes,
330 2597 484 2661 timeret
503 2595 705 2682 obsequium
724 2596 953 2663 inimieorum.
973 2596 1027 2661 Ex
1047 2596 1171 2682 quibus
1190 2597 1365 2681 omnibus,

223 2719 312 2784 sicut
335 2742 378 2786 ex
402 2721 554 2809 corporis
577 2721 692 2807 boma,
721 2721 858 2789 felicem
885 2722 1015 2808 potina,
1044 2720 1261 2788 fortunatum
1285 2723 1365 2789 bea·

223 2852 365 2932 tumque
389 2847 501 2913 dicere
524 2848 708 2935 possimne,
737 2870 842 2933 quam
864 2847 1075 2915 laudabilem
1099 2855 1134 2912 et
1158 2848 1364 2934 virtuosum,

156 2984 200 3048 20
222 2978 463 3058 praeterquam
493 2974 522 3039 si
545 2973 626 3038 inde
657 2973 838 3042 materiam
867 2972 1042 3061 capiamus
1075 2972 1254 3056 laudandi,
1284 2973 1365 3060 quia

222 3098 350 3165 talibus
375 3121 444 3165 nou
472 3099 644 3183 abutitur,
663 3100 722 3165 sed
745 3101 870 3182 utitur,
896 3122 967 3165 non
990 3099 1204 3181 intumescit,
1230 3121 1301 3165 non
1324 3099 1365 3164 fit

222 3225 385 3306 insolens,
410 3224 469 3288 sed
488 3225 528 3289 fit
550 3224 768 3312 prudentior,
789 3224 993 3311 sapientior,
1019 3223 1216 3306 familiaris,
1240 3230 1364 3290 tracta·

222 3349 315 3433 bilis,
340 3349 532 3416 munificus.
556 3350 655 3416 Bona
679 3372 759 3416 vero
784 3350 891 3416 animi
914 3356 996 3416 sunt
1019 3349 1118 3432 talia,
1144 3371 1232 3435 quae
1255 3350 1362 3437 perti·

221 3482 306 3540 nent
325 3474 369 3540 ad
384 3474 610 3558 intellectum,
634 3477 637 3565 l
659 3483 698 3540 ut
720 3475 919 3563 prudentia,
936 3474 1120 3563 sapientia,
1138 3482 1172 3541 et
1188 3474 1364 3542 universa
1390 3481 1459 3543 60
1472 3483 1517 3543 F

155 3608 198 3672 25
221 3601 301 3666 liter
325 3623 410 3686 quae
434 3608 593 3689 spectant
612 3601 656 3667 ad
679 3625 797 3668 sensus
817 3610 850 3667 et
869 3601 1002 3688 ingenii
1025 3601 1286 3688 perfectionem,
1306 3601 1363 3667 vel

222 3748 263 3789 ex
286 3734 385 3813 parte
407 3726 599 3793 voluntatis
623 3751 682 3794 seu
706 3727 862 3811 affectus,
882 3735 920 3793 ut
939 3735 991 3793 est
1016 3749 1111 3793 amor
1134 3728 1304 3794 virtutum
1328 3735 1363 3792 et

222 3850 337 3916 odium
360 3852 534 3919 vitiorum.
558 3854 588 3918 3.
613 3852 848 3940 Amplificatio
872 3852 912 3918 fit
935 3874 977 3918 ex
1000 3852 1114 3938 bonis,
1140 3875 1228 3939 quae
1250 3853 1288 3918 in
1311 3875 1364 3919 ao-

222 3976 316 4042 tione
335 3977 542 4060 consistunt,
568 3986 759 4065 quaesunt
783 3979 820 4044 in
850 3979 981 4067 triplici
1005 4003 1145 4067 genere,
1170 3985 1292 4066 utpote
1316 3980 1366 4045 iu-

221 4102 353 4187 stitiae,
374 4102 591 4170 fortitudinis
610 4111 645 4169 et
663 4105 922 4192 temperantiae.
942 4105 1085 4171 Iustitia
1105 4104 1260 4191 quidem,
1278 4127 1365 4189 quae

297 4327 615 4379 ldeeeateraciatG
663 4329 875 4379 reformarer*
919 4329 949 4378 19
962 4329 1154 4394 possumus&
1201 4330 1283 4378 2122
1296 4329 1365 4379 abu·

220 4411 313 4468 tatur,
341 4409 391 4458 aod
420 4415 537 4468 utatur,
572 4424 629 4458 nou
653 4408 844 4471 intumescat,
869 4424 926 4459 non
951 4410 991 4459 sit
1018 4409 1164 4470 insolens,
1194 4409 1244 4460 sad
1274 4410 1313 4459 sit
1341 4410 1365 4460 (l

217 4489 249 4538 ‘25
267 4494 377 4553 spectat
394 4489 420 4538 F
