3390 5122
550 422 595 466 nu
617 423 858 469 courosrrrosu
880 425 1059 486 ruamuvu,
1081 425 1129 468 ιιι.
1344 413 1402 468 289

262 576 375 662 Ipsius
395 580 545 666 oppositi
562 581 598 645 in
615 590 775 648 naturam
794 583 943 649 vertitur
962 583 1051 649 inde.

263 702 320 767 Sic
337 713 495 790 reparata
515 729 603 772 novo
624 708 768 773 redeunt
784 708 947 775 defuncta
968 716 1094 775 tenore.

262 829 387 894 Interit
408 853 489 917 ergo
507 831 607 915 nihil,
630 833 786 918 quamvis
804 833 853 899 ita
873 835 970 900 uvnr’
988 835 1179 921 agitentur,

261 955 310 1020 Ut
329 954 395 1020 tibi
415 956 634 1042 Pythagorae
654 965 688 1023 et
707 958 899 1024 Salomonis
919 982 1017 1025 sensa
1036 959 1224 1025 refirmant

217 1078 237 1139 b
261 1078 325 1143 XI.
346 1093 362 1139 u
387 1079 567 1147 Sufficiens
587 1083 692 1148 etiam
711 1084 764 1149 vis
783 1083 936 1170 undique
953 1084 1204 1171 principiorum

211 1265 212 1268 ,
262 1205 306 1268 Et
325 1227 441 1270 rerum
461 1213 635 1289 constant,
656 1208 737 1293 quia
754 1213 906 1292 (rennes)
927 1217 1017 1275 stare
1036 1209 1192 1275 videmus

205 1348 211 1417 j
261 1329 332 1394 Ceu
348 1335 517 1397 steterant
536 1333 717 1419 quondam.
737 1333 893 1399 Nihilunr
913 1355 1077 1400 menerva
1092 1334 1129 1399 in
1146 1358 1246 1401 auras

262 1455 474 1523 Defunctum
493 1480 634 1541 vacuae,
653 1458 744 1544 quod
759 1480 830 1523 non
846 1459 1037 1525 redimente
1055 1459 1192 1547 potenti

262 1580 391 1647 Ordine
411 1605 490 1648 mox
505 1583 637 1668 redeat,
657 1584 754 1649 vario
773 1584 838 1650 siet
858 1584 966 1649 illicet
982 1606 1039 1650 ore

198 1709 239 1772 10
261 1707 425 1794 Ignotum
445 1709 545 1774 nobis
565 1708 744 1794 scandens,
765 1709 926 1796 quodque
944 1711 1087 1776 advenit
1105 1731 1201 1777 etro,

350 1941 494 2006 Proteus
511 1941 629 2008 eadem
648 1948 700 2007 est
719 1943 859 2009 omnino
880 1943 1034 2009 subiecta
1053 1944 1199 2010 materia
1223 1943 1260 2009 in
1286 1967 1405 2010 onmes

261 2066 430 2152 imagines
449 2073 552 2152 atque
571 2066 815 2133 similitudines
843 2067 1150 2151 transformabilis,
1176 2068 1301 2154 quibus
1327 2069 1405 2134 sub-

261 2191 341 2256 inde
370 2192 486 2258 omnia
521 2194 741 2274 constituere,
766 2193 937 2277 ordinare,
964 2216 1135 2259 resumere
1165 2201 1200 2258 et
1232 2192 1402 2259 discutere

261 2317 444 2405 pessimae,
466 2317 752 2402 quemadmodum
772 2341 815 2382 ex
833 2319 951 2384 eadem
976 2342 1051 2384 cera
1076 2341 1193 2385 omnes
1218 2319 1346 2406 figuras
1367 2327 1401 2384 et

197 2447 237 2510 lb
261 2443 430 2530 imagines
444 2444 648 2511 suscitamus
660 2466 775 2509 rerum
786 2443 1010 2527 sensibilium,
1021 2444 1236 2530 subindeque
1248 2443 1402 2509 omnium

264 2567 542 2654 intelligibilium
562 2567 671 2653 signa.
689 2568 837 2633 Nuncin
853 2568 1044 2656 supposito,
1066 2569 1157 2655 quod
1172 2592 1247 2634 meo
1264 2567 1401 2654 quidem

265 2694 392 2760 iudicio
405 2693 580 2758 difficilius
590 2693 858 2780 videtur,ipsum
868 2694 1093 2780 experiamur.
1101 2693 1338 2760 Constitutum
1351 2700 1403 2759 est

262 2820 377 2885 animo
397 2820 634 2905 argumentari
650 2819 692 2884 de
712 2819 830 2884 mundi
847 2820 1062 2886 aeternitate.
1082 2819 1197 2885 Media
1217 2819 1302 2885 mihi
1322 2827 1404 2886 sunt

261 2945 440 3032 capienda,
462 2945 588 3029 quibus
608 2945 650 3009 de
670 2944 822 3010 subiecto
840 2966 976 3011 uvunvs
988 2944 1212 3012 concludatur
1231 2945 1315 3012 haec
1330 2969 1406 3033 pas-

194 3070 239 3132 20
262 3072 312 3136 sio
332 3092 548 3135 aereamras.
568 3072 636 3136 Pro
661 3092 754 3135 more
779 3070 876 3157 capio
897 3071 1020 3137 Protea
1043 3069 1267 3136 famosissimi
1286 3069 1405 3157 vulga-

262 3196 453 3281 tissimique
470 3195 633 3261 carminis
650 3202 766 3282 partes
786 3218 846 3261 seu
864 3194 1032 3261 dictiones
1052 3195 1259 3282 simlpliceS,
1275 3218 1401 3281 easque
1428 3197 1527 3260 184

261 3322 298 3386 in
317 3322 446 3387 medios
463 3320 608 3387 totidem
623 3321 801 3402 terminos,
820 3320 945 3406 quibus
961 3325 1014 3386 tot
1031 3320 1075 3385 ad
1090 3319 1260 3407 propositi
1275 3320 1401 3386 obiecti

262 3449 407 3513 formam
428 3446 588 3533 colligam
607 3452 821 3532 argumenta,
842 3445 1096 3513 transformato.
1117 3446 1212 3510 Haec
1231 3452 1327 3511 sunt:

261 3662 380 3742 Arma,
401 3659 600 3743 virumque,
620 3680 718 3741 cano,
738 3657 874 3739 Troiae,
892 3657 952 3740 qui
971 3655 1116 3742 primus,
1138 3655 1181 3720 ab
1202 3654 1283 3734 oris,

195 3786 237 3847 25
261 3787 412 3869 Italiam,
433 3787 519 3868 fato,
538 3785 720 3871 profugus,
738 3784 954 3868 Lavinaque,
971 3784 1084 3864 venit,

261 3914 409 3995 Littera,
431 3913 593 3994 multum,
610 3911 668 3975 ille
688 3910 801 3991 terris,
821 3909 978 3992 iactatus
999 3916 1034 3973 ct
1054 3908 1134 3974 alto.

349 4149 465 4214 Primo
488 4171 530 4212 ex
555 4146 659 4212 armis
689 4143 969 4231 significantibus
991 4143 1185 4230 potentiam
1216 4148 1251 4206 et
1279 4142 1405 4206 instru-

261 4287 378 4344 menta
400 4273 535 4340 infinite
552 4271 713 4337 durantia
733 4270 898 4335 concludo
917 4269 1084 4334 mundum
1104 4277 1291 4333 aeternum.

352 4492 367 4539 3
384 4491 475 4549 avar']
489 4487 526 4538 sic
590 4488 620 4538 1ss
636 4485 851 4550 intelligibilem
913 4484 945 4533 26
961 4482 1010 4534 ille
1025 4483 1118 4542 terris]
1131 4480 1169 4532 sic

394 4584 471 4624 Bnuur
487 4584 541 4632 ΟΜ).
557 4584 598 4622 lat.
613 4581 647 4631 11,
664 4581 685 4621 ³.
1216 4576 1242 4615 :u
