3390 5122
343 395 401 454 118
583 395 584 400 ’
781 407 921 455 rounam
941 407 1044 454 savar

342 570 452 637 solum
475 576 605 651 nostra,
631 569 690 635 sed
719 568 824 634 etiam
843 570 1005 635 universa
1035 591 1096 656 per
1126 570 1332 635 immensum
1352 593 1387 634 se
1418 568 1484 634 dif-

341 694 500 761 fundens.
522 695 617 759 Haec
642 693 786 778 inquam
816 699 868 759 est
895 717 982 779 quae
1004 696 1204 761 absentium
1229 696 1358 782 species
1378 695 1482 759 sensi-

341 821 406 886 bus
425 819 573 885 internis
589 818 775 885 visibiliter
793 819 939 905 ingerit,
958 842 1027 905 qua
1045 827 1080 886 et
1101 821 1312 887 somniantes
1328 820 1486 886 videmus

342 944 472 1032 species
501 950 605 1030 atque
634 944 763 1030 figuras
791 966 906 1011 rerum
925 945 1143 1012 sensibilium
1171 946 1379 1032 accipimus,
1401 967 1488 1030 quae

298 1069 319 1132 ὅ
342 1069 491 1154 etiamsi,
509 1076 550 1135 ut
571 1069 672 1135 aiunt
690 1068 929 1157 Peripatetici,
949 1071 1020 1136 sint
1039 1070 1169 1136 formae
1185 1071 1396 1158 inpotentia
1416 1094 1489 1135 sen-

342 1219 398 1262 sus
416 1194 592 1262 interioris
610 1203 813 1280 reservatae,
826 1204 1009 1283 postquam
1026 1220 1045 1262 a
1062 1197 1219 1263 sensibus
1240 1197 1393 1262 externis
1412 1195 1488 1261 fue·

341 1323 413 1388 rint
429 1321 659 1404 introductae,
677 1322 787 1386 nihilo
807 1330 923 1387 tamen
947 1323 1062 1388 minus
1086 1345 1186 1388 nemo
1207 1329 1258 1389 est
1278 1323 1338 1409 qui
1358 1345 1486 1408 negare

342 1448 469 1532 valeat,
489 1447 730 1514 visibilitatem
754 1447 851 1512 illam
874 1454 978 1533 atque
1001 1449 1233 1536 praesentiam
1252 1472 1271 1513 a
1296 1448 1486 1513 seminibus

343 1573 549 1659 quibusdam
580 1574 667 1639 lucis
696 1596 766 1638 non
797 1580 934 1638 tantum
966 1575 1128 1662 acceptis,
1154 1581 1322 1661 quantum
1353 1572 1486 1638 innatis

279 1705 322 1769 10
343 1698 553 1783 animalique
577 1698 716 1784 spiritui
739 1698 868 1781 insitis,
890 1722 1049 1765 emanare
1074 1709 1108 1766 et
1132 1724 1214 1766 esse.
1232 1699 1356 1765 Stante
1380 1699 1487 1764 ctiam

344 1824 435 1911 quod
447 1822 516 1889 sole
528 1824 708 1889 recedente
726 1831 761 1889 et
777 1825 969 1889 extrinseco
985 1826 1081 1890 omni
1097 1824 1100 1903 l
1116 1825 1351 1889 illuminatore
1370 1824 1484 1891 radios
1510 1829 1582 1892 24

343 1973 458 2016 secum
477 1957 511 2014 et
533 1949 708 2014 radiorum
727 1949 913 2015 efficaciam
931 1958 1086 2037 asportat
1109 1958 1144 2015 et
1164 1951 1208 2015 ab
1230 1949 1407 2015 horizonte
1431 1974 1486 2016 ve-

343 2076 409 2140 luti
429 2074 614 2155 contrahit,
635 2096 698 2139 noc
714 2074 797 2139 talia
813 2076 851 2140 in
868 2076 1120 2163 hemisphaerio
1141 2075 1308 2160 relinquit
1327 2075 1486 2160 vestigia,

344 2223 432 2286 quae
451 2200 480 2265 si
499 2207 625 2283 essent,
645 2200 756 2265 levius
772 2200 938 2288 impressa
957 2210 1176 2267 remanerent
1201 2208 1236 2265 et
1261 2201 1361 2266 iuxta
1381 2199 1486 2265 levio-

279 2325 321 2390 15
343 2348 416 2391 rem
446 2332 480 2390 et
506 2325 660 2390 fluxilem
687 2327 858 2411 quandam
885 2328 1133 2411 conditionem,
1163 2328 1267 2393 sicuti
1295 2328 1336 2392 (le
1367 2325 1489 2391 caloris

344 2451 501 2537 vestigiis
520 2451 724 2538 experimur.
743 2452 849 2518 Porro
867 2453 1054 2519 clarissime
1071 2461 1223 2537 constat,
1239 2453 1357 2519 animo
1375 2475 1395 2517 a
1415 2475 1490 2516 sen·

345 2599 443 2643 suum
462 2584 682 2643 externorum
698 2585 778 2643 actu
793 2577 954 2661 feriante,
975 2580 1065 2645 sicut
1083 2578 1289 2662 insomniis,
1304 2579 1355 2644 ita
1374 2601 1488 2643 reruni

344 2705 537 2772 visibilium
560 2707 689 2794 species
713 2706 865 2772 obiectas
893 2706 1133 2789 inclarescere,
1158 2713 1197 2771 ut
1225 2728 1304 2771 cum
1327 2705 1486 2786 somniet,

345 2831 486 2896 omnino
510 2854 545 2896 se
565 2830 742 2896 interdum
761 2831 931 2897 somniare
954 2854 1023 2898 non
1050 2831 1237 2915 existimet,
1255 2838 1290 2896 et
1305 2830 1415 2897 veluti
1434 2854 1489 2895 vc-

279 2949 324 3015 90
345 2957 417 3023 rius
437 2980 540 3042 quarn
560 2957 603 3023 ab
623 2964 777 3040 externa,
794 2980 814 3022 a
838 2957 914 3022 luce
933 2958 1082 3043 quadam
1104 2957 1314 3023 informatur
1338 2957 1488 3021 interna.

775 3258 928 3323 OAPVT
960 3256 1060 3321 XHI.

769 3404 803 3442 Dc
818 3403 918 3443 subiecto
933 3402 1066 3450 imaginum.

435 3635 530 3699 Haec
553 3656 634 3700 sane
657 3632 859 3699 informatio
884 3638 918 3698 et
941 3631 1134 3718 imaginum
1158 3652 1273 3696 rerum
1297 3628 1489 3695 visibilium

346 3759 525 3847 impressio
549 3782 619 3826 non
643 3759 693 3824 ita
716 3759 790 3824 fieri
815 3757 1045 3840 convincitur,
1065 3765 1105 3822 ut
1128 3763 1163 3822 et
1186 3779 1225 3821 ea
1250 3777 1337 3840 quae
1356 3753 1394 3818 in
1413 3754 1490 3819 aliis

280 3883 323 3948 25
346 3887 501 3951 materiis
520 3893 654 3973 (nempe
673 3885 711 3950 in
728 3907 909 3971 colporum
926 3881 1183 3969 superficiebus)
1195 3880 1417 3967 practicatur,
1430 3879 1490 3944 ubi

346 4012 493 4078 maiores
517 4033 638 4098 corpus
663 4011 786 4095 maim,
811 4008 960 4073 minores
988 4030 1070 4072 vero
1093 4006 1208 4071 minus
1232 4006 1423 4092 patiuntur.
1448 4005 1491 4069 In

348 4139 458 4203 multa
482 4136 610 4223 qnippe
633 4136 752 4201 tabula
775 4136 830 4201 vel
853 4156 987 4222 papyro
1012 4132 1181 4217 imagines
1205 4131 1345 4214 multaS,
1367 4131 1404 4195 in
1423 4154 1493 4204 amss

347 4262 456 4349 pliore
480 4285 623 4347 magnas
647 4262 865 4349 depingimus
885 4268 920 4326 ct
940 4260 1152 4325 characteres
1176 4257 1406 4322 inscribimus.
1431 4258 1493 4320 At-

442 4443 472 4492 11
485 4442 509 4492 εἰ
522 4440 696 4507 ‹apecrerebte
710 4442 752 4492 sol
767 4441 903 4492 recedens
917 4447 961 4489 ele.
1029 4441 1059 4487 12
1076 4436 1241 4488 efficiaciam
