3390 5122
489 427 533 472 nn
553 426 795 472 courosrmona
815 426 907 471 rulo.
931 427 1089 472 1111111111.
1327 413 1366 472 91

123 582 126 589 ’
223 591 263 650 ut
284 583 448 671 possibile
471 590 560 649 esset
583 583 778 669 intelligere
807 583 935 663 omnia,
957 605 1026 648 non
1055 589 1144 647 esset
1173 581 1277 646 etiam
1299 581 1365 648 dif-

223 711 313 775 ficile
335 709 451 776 omnia
473 708 597 774 facere.
625 709 735 796 Atqui
760 708 1026 795 compositorum
1054 729 1361 795 corporeorumque

223 835 288 900 hoc
314 857 385 900 non
403 834 537 922 patitur
563 842 701 917 natura3
725 834 797 899 eius
825 834 918 900 enim
941 832 1138 898 substantia
1156 833 1193 897 in
1212 838 1362 897 metuet

225 960 420 1045 quantitate
438 967 611 1042 versatur,
631 959 737 1025 etiam
761 958 870 1046 siper
895 981 930 1024 se
955 979 1067 1043 neque
1094 956 1232 1023 mobilis
1251 979 1363 1041 neque

177 1095 199 1159 5
223 1092 354 1170 quanta
381 1084 436 1150 sit.
455 1085 547 1150 Hinc
567 1084 855 1171 quemadmodum
878 1106 948 1149 non
969 1081 1214 1168 nosmetipsos
1237 1081 1275 1146 in
1285 1103 1364 1169 pro-

221 1208 329 1275 fundo
350 1210 355 1299 l
376 1216 411 1274 et
426 1209 605 1275 individuo
625 1209 772 1295 quodam
791 1209 1033 1291 consistentem
1054 1206 1113 1273 sed
1131 1206 1242 1272 nostri
1261 1229 1363 1292 quae·
1379 1210 1427 1291 ¹(t)
1440 1207 1494 1271 3ν

222 1334 301 1400 dam
321 1332 463 1400 extenra
482 1335 523 1400 de
539 1334 719 1421 superficie
734 1357 914 1421 possumus
929 1333 1090 1417 (colorem
1109 1330 1241 1397 scilicet
1259 1337 1363 1415 atque

222 1444 382 1547 liginum)
399 1460 590 1526 accidentia
607 1467 642 1525 et
661 1458 751 1525 oonli
762 1459 871 1546 ipsius
890 1457 1154 1524 similitudinem
1170 1456 1208 1523 in
1226 1457 1363 1544 speculo

222 1586 356 1667 videre3
377 1585 428 1651 ita
457 1586 561 1652 etiam
581 1608 692 1671 neque
720 1586 915 1651 intellectus
934 1591 1050 1650 noster
1077 1607 1113 1649 se
1137 1583 1250 1670 ipsum
1272 1582 1310 1647 in
1329 1605 1364 1647 se

156 1722 200 1786 10
222 1711 297 1798 ipso
317 1717 351 1776 et
370 1734 424 1776 res
436 1711 529 1798 ipsas
549 1733 666 1776 omnes
679 1711 715 1775 in
732 1732 767 1776 se
786 1710 885 1797 ipsis,
906 1709 966 1775 secl
980 1709 1018 1775 in
1035 1709 1204 1774 exteriore
1217 1706 1364 1794 quadam

223 1837 349 1923 specie,
370 1837 566 1919 simulacro,
585 1836 752 1922 imagine,
772 1835 898 1922 figura,
919 1835 1030 1922 signo,
1046 1836 1123 1900 Hoc
1138 1839 1190 1900 est
1209 1834 1301 1920 quod
1320 1834 1364 1899 ab

222 1962 409 2028 Aristotele
429 1962 575 2028 relatum
599 1962 642 2026 ab
667 1961 820 2047 antiquis
838 1961 936 2048 prius
959 1960 1027 2026 fuit
1045 1982 1256 2047 expressum,
1281 1963 1316 2023 et
1343 1980 1363 2022 a

223 2088 473 2153 neotericorum
496 2087 615 2175 paucis
635 2086 785 2173 capitur:
813 2085 1024 2171 ‘intelligere
1052 2093 1209 2151 nostrum
1237 2083 1285 2167 (id
1312 2089 1364 2147 cst

221 2213 436 2301 operationes
465 2212 575 2278 nostri
605 2212 812 2295 intellectus)
832 2217 893 2277 aut
923 2216 975 2275 est
1003 2210 1187 2298 phantasia
1213 2216 1363 2275 autnon

155 2345 198 2409 15
221 2340 295 2405 sine
306 2338 516 2425 phantasia’,
528 2360 677 2403 rursum:
691 2336 774 2403 ‘non
786 2335 1024 2422 intelligimus,
1037 2336 1106 2401 nisi
1118 2335 1362 2423 phantasmata

221 2463 457 2552 speculemur.
470 2464 545 2529 Hoc
557 2471 609 2529 est
621 2464 799 2550 quod-non
811 2462 848 2528 in
858 2462 1080 2549 simplicitate
1094 2460 1252 2547 (predam,
1267 2466 1362 2527 statu

221 2596 255 2653 et
274 2590 421 2674 unitate,
438 2589 544 2654 sedin
559 2588 819 2676 compositione,
835 2588 1032 2672 collatione,
1046 2588 1272 2653 terminorum
1287 2586 1361 2674 plu·

220 2715 372 2799 talitate,
393 2715 566 2781 mediante
590 2715 745 2780 discursu
768 2720 872 2800 atque
891 2713 1077 2779 reflexione
1102 2711 1362 2800 comprehendi-

220 2863 305 2907 mus.
326 2841 426 2918 Quod
449 2841 478 2906 si
501 2841 571 2907 tale
591 2847 643 2907 est
672 2847 829 2907 nostrum
856 2839 1050 2925 ingenium,
1080 2837 1167 2904 talia
1187 2837 1362 2903 nimirum

153 2979 198 3043 20
221 2965 373 3031 eiusdem
392 2989 464 3031 esse
477 2973 613 3053 oportet
626 2988 747 3053 opera,
762 2972 801 3031 ut
816 2964 947 3031 scilicet
960 2964 1151 3050 inquirens,
1169 2963 1363 3046 invenisne,

221 3092 391 3175 iudicans,
411 3093 609 3180 disponens,
631 3092 853 3158 reminiscens
886 3114 956 3157 non
987 3096 1084 3156 extra
1112 3090 1289 3177 speculum
1314 3087 1362 3152 di-

220 3225 381 3303 vagetur,
405 3241 476 3284 non
499 3218 628 3303 absque
652 3217 863 3304 imaginibus
887 3216 1048 3302 agitetur.
1067 3214 1155 3280 Heio
1174 3215 1283 3301 siper
1302 3236 1362 3277 na-

219 3348 334 3406 turam
354 3342 531 3430 spoculum
550 3349 678 3409 tersum
695 3342 898 3407 subiiciatur
911 3348 1014 3426 atque
1029 3340 1186 3428 planum,
1207 3362 1271 3404 nec
1290 3361 1360 3403 non

219 3489 281 3554 pcr
300 3475 410 3533 artem
441 3469 478 3533 in
505 3468 684 3533 horizonte
703 3467 876 3533 ratiocinii
905 3467 966 3531 lux
995 3487 1165 3531 canonum
1188 3464 1308 3551 vigeat
1327 3469 1361 3528 et

153 3593 197 3659 25
221 3593 412 3679 splendeat,
433 3593 526 3659 illico
546 3594 644 3660 iuxta
663 3593 844 3679 elargitam
868 3592 1068 3657 tii-cultatem
1088 3614 1129 3656 ex
1148 3588 1360 3676 imaginibus

219 3726 353 3807 retrum
373 3719 474 3784 claris
494 3726 598 3804 atque
617 3719 808 3807 perspicuis
827 3719 864 3783 in
891 3725 1110 3805 prospectum
1138 3716 1359 3783 venientibus
1384 3717 1424 3796 (z)
1438 3716 1490 3776 4¹·

164 3864 167 3869 ·
221 3844 264 3909 acl
283 3867 451 3910 summam
472 3845 509 3909 iu
528 3844 714 3931 multiplici
732 3867 858 3930 genere
882 3851 978 3909 actus
1006 3842 1207 3908 felicitatem
1234 3840 1359 3925 dirige-

220 3993 297 4034 mur
316 3969 425 4053 illurn,
440 3993 528 4055 quae
543 3970 675 4036 homini
697 3970 845 4036 maxime
862 3977 1034 4056 quatenus
1053 3968 1155 4034 homo
1168 3975 1220 4033 cst
1239 3967 1361 4053 adpro·

219 4094 364 4182 priatur.

154 4230 199 4294 30
309 4219 366 4285 Au
384 4220 485 4286 huius
504 4242 584 4307 ergo
598 4221 774 4287 doctrinae
794 4221 1081 4308 complementum
1093 4228 1163 4285 tres
1176 4217 1360 4304 compilavi

312 4493 344 4543 la
361 4491 496 4557 rolatum,
512 4493 547 4542 ab
610 4494 642 4544 27
658 4492 844 4543 foelicitatem
