3390 5122
560 423 605 466 nn
628 422 783 466 nannius
805 422 1003 466 remonis.
1315 404 1351 462 u

213 579 274 644 oiti
294 586 435 666 propter
454 579 618 644 materiae
638 579 851 645 crassitatem
870 586 904 643 et
919 577 1177 660 hebetudinem,
1195 575 1355 662 quemad·

215 700 354 770 modum
373 712 408 770 et
427 706 463 770 iu
483 706 560 770 aliis
580 713 722 792 propter
734 704 833 771 molis
845 704 1071 790 exiguitatem
1084 702 1251 785 membru,
1267 724 1355 788 queo

214 835 308 895 certe
326 830 512 913 habentur,
533 831 696 896 distincte
714 854 785 897 non
814 830 945 897 valebis
965 830 1119 917 occipere
1138 829 1193 895 vel
1213 827 1354 910 intueri,

217 955 315 1020 iuxta
336 956 423 1022 iilud
437 955 600 1043 Epicurei
616 963 756 1045 poetae:

168 1165 190 1226 ἴ)
293 1160 431 1220 Primum
448 1162 591 1222 animalia
607 1171 679 1223 sunt
696 1163 756 1222 iam
773 1163 885 1241 partim
901 1163 1034 1241 tantulo,
1053 1182 1156 1223 eorum
1382 1155 1451 1220 63
1464 1155 1510 1217 Ρ

293 1268 397 1329 Tertia
414 1291 486 1348 pars
503 1271 587 1330 nulla
603 1278 637 1329 ut
656 1271 755 1348 possit
771 1270 889 1331 ratione
903 1271 1015 1330 videri:

297 1377 416 1436 Horum
433 1378 613 1438 intestinum
631 1377 761 1455 quodvis
778 1378 867 1455 quale
882 1398 950 1438 esse
968 1377 1135 1456 putandum
1153 1383 1219 1437 ost?

293 1486 373 1558 Quid
393 1487 494 1547 cordis
511 1488 622 1564 globus
639 1496 692 1547 out
709 1486 808 1547 oculi?
827 1484 907 1557 Quid
924 1486 1072 1564 membra,
1087 1485 1159 1561 quid
1177 1486 1282 1545 artus?

293 1592 446 1663 Quantula
462 1597 557 1654 sunt?
576 1593 657 1667 Quid
673 1602 835 1671 praeterea
851 1593 1016 1672 primordia
1033 1612 1184 1669 quaeque,

293 1699 383 1760 Unde
399 1702 500 1762 anima
516 1712 608 1778 atquo
624 1704 715 1763 animi
733 1711 853 1763 constet
869 1714 978 1764 notura
993 1723 1119 1763 necesse
1134 1704 1201 1762 ast?

293 1807 401 1869 Nonne
417 1808 506 1870 vides
523 1829 612 1886 quam
630 1809 692 1871 sint
709 1811 845 1887 subtilia,
864 1828 1013 1886 quamquo
1030 1809 1164 1868 minuta)

598 2064 733 2130 AGER
768 2063 970 2130 PROPRII.

667 2424 692 2487 Ι.
719 2423 903 2487 Mensura.

302 2611 334 2676 A
353 2610 486 2698 proprii
509 2617 686 2696 praetereo
710 2616 807 2696 septo
827 2609 871 2674 ud
894 2631 1016 2695 agrum
1040 2608 1192 2673 eiusdem
1216 2609 1355 2675 exeunti

150 2740 191 2805 15
215 2737 362 2825 paucula
389 2743 575 2802 occurrunt
604 2737 694 2819 loca,
725 2758 869 2821 quorum
896 2735 1028 2823 primus
1059 2734 1169 2820 exigit
1192 2743 1231 2801 ut
1249 2736 1358 2802 consi-

214 2863 365 2944 deretur,
387 2885 431 2927 an
463 2861 606 2927 minimo
631 2861 837 2927 dictinctum
865 2862 911 2926 sit
934 2860 1025 2945 quod
1053 2860 1144 2926 inest
1173 2861 1275 2926 alicui
1295 2885 1357 2948 por

213 3013 249 3054 se
265 2990 308 3055 ab
328 3011 367 3053 eo
387 2987 480 3073 quod
499 2987 591 3052 inest
607 2987 711 3052 alicui
731 3009 792 3073 por
808 2986 903 3052 aliud
919 2993 1023 3070 atque
1043 2986 1261 3069 secundari03
1279 3011 1355 3052 cum

213 3114 306 3179 euim
325 3113 517 3200 superficiei
536 3113 716 3200 proprium
735 3113 780 3178 sit
812 3135 884 3177 esse
903 3112 1094 3178 coloratum
1114 3121 1218 3198 atque
1242 3136 1358 3200 corpo-

212 3239 273 3323 ris,
293 3240 429 3305 fallitur
458 3240 632 3326 quispiam
655 3262 726 3305 non
749 3240 969 3306 considerans
993 3239 1281 3327 quemadmodum
1304 3264 1358 3307 su-

147 3366 191 3429 20
213 3365 365 3452 perficioi
383 3387 474 3449 vere,
491 3366 631 3452 proprio
644 3366 889 3453 primariique,
910 3365 1045 3453 corpori
1064 3388 1146 3431 vero
1165 3389 1227 3453 per
1245 3366 1356 3453 ipsam

213 3490 466 3578 appropriatur.
487 3491 665 3557 Secundus
686 3513 730 3556 an
750 3491 942 3558 subiectum
966 3492 1065 3577 (prasi
1088 3491 1267 3579 proprium
1291 3499 1357 3558 tra·

214 3616 326 3681 ditum
356 3623 407 3681 est
434 3616 507 3681 eius
526 3617 618 3702 quod
648 3616 685 3681 in
714 3617 867 3683 subiecto
898 3624 963 3699 ost,
987 3625 1026 3684 ut
1057 3619 1116 3704 qui
1147 3618 1264 3705 ignem
1284 3641 1355 3683 esse

212 3741 302 3806 dixit
321 3741 500 3828 proprium
515 3742 666 3828 corporis
683 3743 930 3807 elomentorum
942 3743 1169 3810 subtilissimi.
1189 3737 1356 3830 (Tertius)

212 3891 257 3933 an
287 3867 378 3953 quod
400 3867 491 3933 inest
514 3891 576 3954 per
598 3867 903 3955 participationem
932 3869 1099 3935 traditum
1135 3877 1187 3935 est
1216 3876 1256 3935 ut
1279 3890 1356 3956 pro-

146 3997 189 4061 25
212 3993 340 4080 prium,
362 4000 366 4078 1
388 4001 427 4059 ut
450 3994 495 4059 ab
518 4016 556 4058 oo
578 3995 636 4078 qui
656 3993 746 4059 dixit
765 3993 928 4060 'hominis
943 3995 1122 4083 proprium
1142 4005 1194 4061 cst
1213 4020 1285 4063 osso
1302 4020 1357 4084 pe·
1382 3997 1508 4061 641³

212 4119 327 4184 destro
346 4119 471 4206 bipes’3
485 4121 553 4185 tale
567 4119 670 4200 enim,
684 4119 765 4204 quia
781 4120 825 4185 ad
840 4119 891 4186 rei
905 4120 1135 4206 quidditatem
1150 4122 1301 4208 pertinet
1320 4134 1355 4187 et

304 4312 429 4375 acono,
450 4316 606 4379 habentur,
625 4313 761 4366 distincto
780 4316 828 4365 ΡΛ
894 4318 979 4381 ooqq.
997 4317 1103 4367 Lucrot.
1123 4318 1153 4374 4,
1175 4318 1222 4365 114
1238 4334 1291 4381 sqq.
1307 4321 1352 4381 (of.

209 4397 487 4459 11a012n1a12112¹p.220)
551 4396 695 4460 8g10b.1’
758 4398 789 4447 11)
802 4412 901 4448 ucooss
922 4397 979 4463 (sic)
997 4398 1022 4447 l’
1086 4404 1138 4447 cst.
1157 4397 1258 4448 Nonne
1276 4398 1352 4448 ΡΜ]

221 4481 254 4530 ‘23
270 4478 386 4529 Tertius
400 4476 436 4526 G:
452 4494 501 4527 om.
513 4475 564 4527 ΡΑ
629 4478 660 4527 21
675 4479 763 4540 tuost,
776 4493 825 4543 por
835 4478 858 4529 G
