3390 5122
561 421 755 467 aarrrrcivm
776 421 981 484 6666611161,
1004 423 1038 466 11.
1312 408 1372 466 403

229 579 345 646 monia
375 579 487 646 laudis
509 579 565 646 vel
595 578 774 667 vituperii,
805 601 894 666 quae
921 601 984 645 nos
1008 578 1050 644 ad
1074 578 1306 644 imitationem
1336 585 1371 643 et

228 705 509 791 exequutionem,
534 705 590 771 vel
613 703 837 770 abolitionem
861 710 896 769 et
918 703 1039 790 fugam
1064 703 1305 786 adhortantur,
1328 704 1370 768 de

230 830 356 916 quibus
380 838 503 897 octavo
526 831 619 914 loco;
638 829 694 896 vel
713 852 755 895 ex
778 829 822 896 iis
846 851 934 915 quae
954 829 1120 896 virtutem
1143 835 1247 915 atque
1265 829 1371 895 robur

230 962 350 1021 contra
380 954 524 1021 adversa
547 954 786 1043 suppeditant,
811 954 853 1020 de
877 953 1004 1040 quibus
1030 975 1122 1021 nono
1137 955 1230 1037 loco;
1249 953 1306 1019 vel
1328 975 1371 1018 ex

183 1073 204 1136 ἴ)
227 1079 271 1146 iis
296 1085 301 1166 1
326 1102 416 1166 quae
438 1079 596 1164 honesta,
616 1085 738 1167 utpote
761 1101 851 1165 quae
874 1079 918 1145 ad
936 1085 1179 1146 ornamentum
1202 1086 1237 1144 et
1260 1079 1372 1166 splen·
1397 1065 1495 1130 177
1511 1062 1553 1129 G

228 1207 345 1274 dorem
378 1206 648 1273 existimationis
687 1205 834 1290 faciunt,
871 1205 913 1272 de
952 1206 1077 1292 quibus
1114 1205 1246 1272 decimo
1280 1205 1369 1288 loco;

227 1332 284 1398 vel
307 1354 350 1396 ex
373 1332 417 1398 iis
440 1354 529 1417 quae
553 1331 598 1397 ad
615 1331 866 1397 facunditatem
887 1337 922 1396 et
940 1330 1217 1414 delectationem,
1237 1329 1280 1394 de
1298 1329 1372 1415 qui-

228 1459 293 1524 bus
311 1459 493 1525 undecimo
508 1460 599 1542 loco;
618 1460 675 1525 vel
693 1459 834 1525 tandem
858 1482 899 1525 ex
922 1459 966 1525 iis
990 1482 1079 1545 quae
1101 1459 1145 1526 ad
1169 1460 1369 1544 utilitatem,

227 1584 475 1671 perfectionem
495 1590 598 1672 atque
622 1584 841 1668 facilitatem,
860 1587 916 1652 vel
935 1585 1008 1652 eius
1032 1585 1309 1670 similitudinem,
1329 1586 1371 1651 de

162 1713 206 1777 10
230 1707 356 1792 quibus
375 1708 577 1775 duodecimo
592 1710 677 1776 loco.
695 1711 792 1776 Haec
810 1717 892 1777 sunt
915 1711 1048 1796 omnia,
1072 1733 1161 1797 quae
1180 1711 1217 1776 in
1237 1711 1370 1776 consul·

228 1833 396 1899 tationem
414 1834 534 1900 cadere
549 1858 686 1901 necesse
704 1843 769 1920 est,
786 1837 842 1903 vel
860 1836 983 1901 horum
1002 1836 1188 1920 contraria,
1204 1837 1261 1901 vel
1279 1836 1372 1902 simi·

227 1957 289 2040 lia,
303 1958 360 2024 vel
371 1958 494 2025 horum
510 1961 796 2047 proportionalia,
810 1969 981 2047 quatenus
993 1961 1155 2027 videlicet
1170 1960 1214 2026 ad
1230 1968 1371 2048 captum

229 2082 531 2169 conditionemque
555 2086 722 2171 cuiusque
744 2085 794 2150 rei
818 2086 1131 2152 accommodantur.

694 2366 795 2431 CAP.
830 2367 909 2433 XV.

527 2511 561 2551 De
576 2512 632 2550 16611
647 2511 676 2551 ad
691 2523 761 2562 genua
775 2510 882 2553 iudiciale
895 2515 1069 2564 pertinentibus.

315 2718 434 2784 Habet
453 2723 487 2783 et
506 2719 667 2785 iudiciale
683 2742 793 2805 genus
813 2721 886 2786 loca
906 2721 1075 2805 quaedam
1091 2720 1245 2807 propria,
1262 2743 1370 2806 eaque

228 2870 299 2913 non
318 2848 441 2930 multa,
459 2850 600 2914 seorsim
616 2872 637 2914 a
652 2872 777 2935 genere
790 2849 1018 2915 deliberativo
1032 2855 1067 2914 et
1083 2849 1368 2933 demonstrativo,

227 2973 378 3061 plurima
396 2995 478 3039 vero
498 2997 540 3038 ex
559 2974 681 3040 iisdem
699 2974 872 3061 capitibus
891 2982 926 3039 et
944 2973 1109 3040 membris
1127 2975 1369 3061 desumuntur,

228 3099 325 3184 quia,
345 3105 506 3186 utsupra
525 3098 657 3164 dictum
676 3106 741 3182 est,
762 3099 873 3165 omnis
897 3098 1071 3165 accusatio
1095 3105 1147 3165 eet
1169 3107 1370 3188 propterea

159 3241 205 3305 20
229 3245 317 3308 quae
346 3231 545 3310 perpetrata
568 3231 651 3289 sunt
680 3231 800 3289 contra
831 3223 958 3310 legem,
987 3229 1109 3289 contra
1131 3223 1302 3290 iustitiam
1332 3225 1370 3291 in

226 3369 352 3433 genere
383 3354 417 3413 et
445 3348 482 3414 in
511 3348 636 3435 specie,
667 3355 788 3414 contra
814 3348 1011 3432 honestum,
1037 3355 1158 3414 contra
1180 3349 1370 3415 utilitatem

227 3472 403 3559 publicam
423 3479 458 3538 et
475 3473 731 3557 necessitatem,
751 3480 871 3539 contra
890 3472 1088 3540 iucundum.
1112 3474 1236 3559 Itaque
1255 3497 1297 3539 ex
1315 3474 1370 3540 his

228 3599 371 3684 quaein
391 3599 638 3667 deliberatione
662 3601 871 3686 consistunt,
887 3607 1009 3688 utpote
1031 3600 1238 3688 peragendis
1256 3623 1298 3665 ex
1316 3600 1370 3666 in·

227 3722 395 3807 tentione,
430 3725 536 3790 verbo
566 3732 600 3790 61
635 3747 749 3811 opere,
777 3725 950 3792 accusatio
974 3732 1117 3813 propter
1155 3725 1280 3791 omissa
1314 3724 1370 3791 vel

161 3853 204 3918 25
228 3852 395 3914 temerata
414 3848 655 3935 proficiscitur,
676 3857 711 3915 et
739 3849 892 3916 defensio
915 3851 1123 3938 perborum
1149 3850 1370 3937 negationem

229 3973 426 4038 assumitur.
467 3973 590 4059 Itaque
627 3996 818 4062 aggravare
859 3974 993 4041 nolenti
1032 3974 1215 4057 iudicium,
1251 3974 1372 4040 eadem

323 4235 336 4282 1
360 4231 514 4298 vituperiis
535 4234 564 4284 F
623 4234 639 4283 2
654 4236 733 4299 sorae
756 4236 1003 4288 abominationem
1067 4234 1164 4298 fugam
1192 4235 1228 4287 G:
1254 4233 1324 4301 iugo
1350 4237 1377 4286 F

228 4314 244 4364 7
268 4312 286 4362 l.
318 4313 531 4365 iucunditatem
609 4314 806 4367 desectatione
832 4317 862 4367 F
936 4318 968 4369 10
990 4317 1054 4367 loco
1082 4315 1319 4381 (disputavimus)
1348 4317 1374 4367 (2¹

228 4393 260 4442 12
275 4393 380 4445 horum
395 4391 519 4458 (innanzi
532 4411 550 4444 6
561 4395 800 4461 proportionalia)
816 4413 864 4448 om.
883 4394 907 4447 G
970 4397 1009 4448 19.
1021 4397 1053 4449 20
1068 4403 1232 4464 propterea,
1252 4399 1320 4462 qnia
1333 4398 1372 4448 F:

227 4476 391 4539 propterea,
406 4474 474 4540 quia
486 4476 650 4540 (quaedam)
667 4475 692 4527 G
753 4477 786 4527 24
800 4478 927 4542 propria,
945 4477 1052 4528 omissa
1064 4475 1116 4528 FO
1178 4477 1375 4540 1611616161
