3390 5122
535 433 728 479 sammowu
752 434 957 495 exacutum,
980 434 1012 478 11.
1288 421 1347 480 393

200 594 358 682 longum,
382 594 510 677 latum,
539 593 765 682 profundum,
783 617 845 681 per
875 602 1007 660 rectum
1037 602 1072 660 et
1099 595 1285 681 circulare,
1307 621 1347 663 ac

199 720 398 807 obliquum;
424 720 507 785 haec
539 704 620 785 vero
650 726 789 786 tantum
820 743 882 806 per
911 719 1064 806 longum·
1085 727 1120 785 et
1148 722 1274 803 latum;
1305 731 1346 788 ut

200 845 289 912 sicut
319 846 381 912 illa
411 846 565 912 abundat
584 845 822 929 multitudine,
843 846 892 911 sic
917 845 974 911 hic
997 847 1185 933 poterimus
1209 847 1344 913 variare

199 995 316 1039 omnes
335 971 413 1037 illos
434 972 598 1038 terminos
622 994 684 1058 per
703 971 796 1038 istos,
816 972 863 1036 Et
889 979 973 1036 tunc
998 972 1236 1057 intelligamus
1261 995 1346 1059 gno-

154 1098 174 1160 5
199 1118 334 1161 monem
364 1096 469 1162 istum
499 1097 595 1162 velut
614 1096 666 1160 illi
691 1096 859 1181 quadrato
883 1096 1095 1183 appositum,
1112 1103 1152 1162 ut
1183 1096 1344 1162 videlicet

199 1221 289 1287 circa
308 1221 403 1287 illius
423 1222 640 1287 altitudinem
655 1244 694 1287 ac
705 1221 961 1309 longitudinem
980 1222 1026 1287 sit
1042 1222 1143 1288 istius
1161 1221 1343 1309 longitudo

198 1354 232 1412 at
251 1346 411 1431 altitudO,
432 1348 487 1413 vel
518 1354 675 1434 oporteat
703 1347 844 1433 singula
871 1347 971 1413 istius
989 1347 1142 1413 membra
1168 1370 1229 1434 per
1258 1346 1342 1412 haec

197 1473 314 1538 omnia
329 1473 472 1556 variari,
492 1483 526 1539 et
544 1481 629 1539 tunc
645 1496 749 1560 supra
766 1495 974 1559 gnomonem
991 1473 1096 1538 istum
1112 1473 1221 1538 veluti
1241 1473 1341 1538 basin

197 1599 441 1684 intelligantur
460 1598 649 1666 successive
670 1599 779 1664 veluti
803 1599 926 1685 cuspis.

670 1979 769 2043 OAP.
808 1979 872 2044 IX.

561 2125 593 2162 De
609 2124 754 2163 ulterioribus
770 2125 980 2175 complexionibus,

497 2206 554 2244 quae
569 2207 597 2233 ex
612 2207 705 2234 numero
720 2198 756 2234 vel
772 2197 817 2235 ullo
832 2197 923 2245 prodire
938 2201 1039 2246 possunt.

284 2474 382 2539 Siout
400 2479 515 2538 autem
532 2495 640 2557 usque
657 2470 700 2536 ad
717 2468 894 2536 denarium
909 2471 1162 2557 multiplicatae
1182 2478 1262 2537 sunt
1281 2495 1340 2538 no·

194 2610 251 2668 tae
270 2598 500 2686 longitudinis
528 2605 562 2662 et
582 2596 791 2680 altitudinis,
811 2596 862 2662 ita
889 2604 924 2662 at
952 2596 1125 2682 usquead
1149 2598 1339 2682 quemlibet

130 2728 171 2792 15
195 2748 377 2793 numerum
406 2731 488 2789 sunt
511 2722 807 2811 multiplicabiles,
828 2723 919 2788 unde
946 2730 981 2786 ot
1009 2722 1158 2807 quilibet
1186 2745 1250 2810 pro
1277 2746 1339 2789 sua
1366 2731 1464 2796 169
1483 2731 1523 2798 G

194 2849 413 2932 sufficientia,
439 2850 522 2933 otia,
550 2849 792 2915 commoditate
815 2848 1039 2935 alphabetum
1071 2849 1253 2913 contrahat
1283 2850 1337 2914 val

193 2976 379 3042 extendat:
400 2975 557 3062 simplex,
578 2975 733 3060 inquam,
760 2975 788 3040 si
807 2975 870 3039 suh
890 2997 959 3039 una
977 2981 1060 3039 nota
1084 2996 1144 3039 seu
1169 2974 1338 3040 elemento

193 3125 298 3169 unam
329 3101 472 3188 phrasin
503 3124 562 3165 seu
582 3101 769 3166 <fictionem
798 3099 992 3186 intelligat,
1017 3098 1144 3186 duplex
1175 3122 1256 3165 vero
1282 3102 1336 3167 vel

194 3227 390 3316 multiplex,
411 3228 440 3292 si
457 3228 580 3315 pluras.
602 3226 701 3303 Quod
733 3249 812 3292 vero
833 3225 876 3290 ad
900 3226 1172 3313 complexionem
1192 3228 1335 3304 attinet,

126 3357 170 3420 20
193 3354 282 3419 sicut
301 3360 475 3418 ostensum
500 3359 552 3417 est
582 3351 736 3437 singulos
755 3352 922 3417 terminos
951 3352 1137 3439 complecti
1149 3352 1337 3439 longitudi-

192 3478 247 3543 nis
258 3478 434 3561 terminos,
446 3501 506 3564 per
519 3500 635 3543 omnes
648 3476 854 3560 latitudinis,
868 3476 1076 3564 duplicando
1089 3478 1334 3559 intensionem;

193 3603 244 3669 ita
263 3611 297 3668 et
315 3603 524 3690 triplicando
554 3610 588 3667 et
607 3602 902 3690 quadruplicando
928 3610 1026 3667 tanto
1058 3604 1168 3689 magis
1187 3603 1336 3668 variabi-

195 3751 283 3814 mus,
304 3736 338 3794 et
356 3727 518 3794 differens
547 3729 763 3816 propositum
782 3729 905 3794 maiori
924 3728 1122 3794 discrimino
1147 3729 1334 3794 occultabi-

193 3876 287 3919 mus:
316 3855 413 3920 verbi
444 3855 557 3941 gratia
578 3859 582 3940 Ι
604 3854 769 3941 capiendo
800 3854 858 3918 Bo
882 3853 1092 3938 altitudinis,
1113 3855 1168 3919 vel
1191 3854 1254 3920 BD
1278 3856 1333 3921 vol
1360 3851 1513 3915 1261?

126 3980 169 4044 25
193 3979 255 4045 ΒΕ
284 3987 346 4045 eto.
380 3979 613 4046 connectendo
642 3980 755 4066 ipsum
787 3981 977 4064 cuicunque
1005 3985 1108 4045 notae
1138 3980 1336 4045 latitudinis

190 4105 340 4191 simplici
359 4112 393 4169 et
412 4105 555 4193 duplici,
577 4114 616 4170 ut
640 4105 668 4170 si
692 4105 730 4170 in
746 4106 931 4172 latitudine
956 4107 1132 4193 capiamus
1152 4107 1334 4172 observan-

190 4232 275 4299 tiam
291 4231 454 4318 genitivi,
481 4231 516 4296 iu
552 4232 700 4296 secunda
720 4255 877 4319 persona,
905 4255 1006 4316 quam
1039 4232 1264 4298 formabimus
1295 4232 1331 4297 in

283 4470 314 4518 15
331 4467 454 4517 atom.(}
504 4468 533 4516 16
549 4468 648 4518 ocioF
709 4470 739 4518 17
756 4470 937 4522 sublecta
983 4473 1331 4532 25(ot)oonnoctondoG

322 4584 399 4624 Buuxl
415 4584 470 4633 Opp.
486 4586 526 4623 uu.
542 4584 577 4633 Il,
593 4586 614 4622 3.
1146 4586 1172 4625 50
