3390 5122
571 426 766 471 ilnmr'lclvtl
788 427 989 488 Paeonium,
1015 428 1035 471 Ι.

703 720 801 785 ΟΑΡ.
837 721 895 785 VI.

433 867 465 905 Do
482 867 627 916 persuasione
639 867 663 906 11
677 866 820 904 dissuasione
835 865 895 904 circa
907 876 942 915 oa,
958 876 1016 914 111111
1027 867 1081 904 siml
1095 866 1169 913 logum

639 941 662 978 et
677 937 734 988 reip.
750 937 954 978 administrandae.

314 1189 357 1253 In
370 1187 423 1252 his
438 1193 567 1271 autem,
582 1208 669 1272 quae
686 1185 729 1251 ad
745 1185 828 1272 reip.
844 1186 1180 1255 administrationem
1197 1194 1369 1275 spectant,

182 1311 202 1373 5
225 1312 462 1401 persuasiones
486 1312 591 1376 fiunt:

358 1437 384 1500 I.
409 1437 475 1502 Pro
507 1437 661 1518 statutis,
690 1434 825 1521 legibus
853 1441 888 1501 et
911 1436 1057 1501 decretis
1090 1435 1367 1519 introducendis,

228 1568 255 1629 1.
274 1563 356 1648 quia
380 1561 531 1628 divortia
550 1568 585 1626 et
608 1559 752 1626 discidia
771 1585 832 1649 per
851 1561 934 1627 haec
950 1569 1217 1649 componantur,
1235 1564 1265 1626 2.
1286 1562 1369 1646 quia

225 1679 392 1754 consensu
404 1694 438 1753 et
455 1686 621 1774 suffragio
634 1686 741 1752 totius
754 1686 992 1753 universitatis
1006 1693 1225 1770 statuuntur,
1243 1689 1272 1751 3.
1286 1686 1368 1773 quia

224 1814 383 1900 aequales
407 1820 488 1878 sunt
512 1811 555 1878 ad
578 1811 778 1879 universum
801 1813 980 1900 populum,
1001 1814 1032 1876 4.
1053 1811 1135 1897 quia
1154 1813 1297 1878 caeteris
1320 1813 1366 1877 le-

159 1940 201 2002 lO
223 1940 326 2027 gibus
349 1938 559 2023 conformes,
579 1938 609 2002 5.
634 1938 715 2025 quia
734 1937 816 2003 hino
830 1939 951 2027 populi
975 1938 1132 2004 meliores
1151 1936 1366 2022 efficiuntur,

224 2067 253 2130 6.
280 2064 361 2151 quia
385 2064 518 2150 reipub.
542 2086 595 2128 res
619 2069 844 2150 augmentum
867 2070 902 2128 et
925 2063 1176 2129 incrementum
1201 2063 1363 2150 suscipit,

223 2192 252 2255 7.
279 2188 361 2276 quia
385 2188 429 2254 ad
452 2189 563 2254 maius
587 2195 841 2271 ornamentum,
861 2187 1082 2254 nobilitatem
1101 2194 1136 2253 et
1160 2187 1366 2255 affinitatem

223 2315 369 2403 reipubl.
395 2313 601 2381 conducunt.

357 2436 431 2529 (ΙΙ.)
468 2437 618 2505 Proinde
654 2462 693 2505 ea
728 2460 814 2525 quae
855 2439 1046 2505 necessario
1086 2437 1366 2507 institutionibus

158 2570 199 2633 15
223 2567 361 2633 subesse
384 2565 523 2650 debent,
540 2571 678 2653 atquae
698 2572 738 2631 ut
756 2563 836 2633 finis
854 2564 1138 2652 praescribuntur
1155 2587 1175 2632 a
1190 2564 1366 2651 legislato-

222 2716 272 2774 re,
293 2698 374 2757 sunt
399 2692 426 2756 1.
452 2713 494 2756 ne
510 2690 659 2778 populus
675 2697 710 2755 et
729 2689 917 2757 multitudo
932 2698 1109 2777 grassetur
1127 2695 1162 2756 et
1179 2688 1365 2757 insidietur

223 2817 322 2882 bonis
346 2824 380 2881 et
403 2815 504 2881 rebus
527 2815 761 2903 pauciolrum
785 2817 815 2878 2.
835 2820 875 2881 ut
894 2815 953 2880 isti
976 2814 1251 2881 munificentiam
1271 2837 1365 2880 exer·
1389 2819 1520 2882 4010*

222 2949 322 3007 ceant
334 2964 416 3028 erga
426 2941 607 3028 populum,
620 2941 650 3005 3.
664 2946 704 3005 nt
716 2938 870 3006 munifici
886 2939 1036 3027 publicis
1049 2949 1054 3031 t
1065 2938 1253 3006 honoribus
1268 2939 1364 3005 deco
1389 2944 1476 3008 131
1494 2943 1536 3010 G

221 3075 355 3151 rentur,
379 3068 410 3132 4.
433 3075 475 3132 ut
498 3072 616 3152 aperte
640 3064 739 3152 digni
762 3074 797 3130 et
820 3065 1067 3152 praecellentes
1092 3070 1362 3152 anteponantur,

155 3160 377 3278 ι1011101111
407 3197 624 3278 contemptus
658 3195 693 3255 et
722 3189 958 3256 inobedientia
993 3190 1234 3275 subsequetur,
1271 3190 1300 3254 ὅ.
1325 3197 1365 3256 ut

222 3317 390 3384 autoritas
413 3317 450 3382 in
473 3316 676 3417 facinorosis
703 3315 889 3403 puniendis
913 3322 948 3381 et
971 3338 1044 3381 rem
1058 3315 1156 3384 bene
1180 3316 1364 3402 agentibus

221 3441 422 3509 decorandis
446 3441 607 3508 alacriter
629 3441 747 3527 vigeat
771 3440 834 3526 (ita
857 3440 950 3506 enim
973 3440 1121 3506 virtutes
1149 3439 1364 3526 glorificatae

221 3573 404 3650 crescunt),
429 3568 459 3632 6.
479 3589 523 3632 ne
540 3565 636 3652 aegri
659 3565 696 3630 in
719 3568 959 3633 necessitatem
979 3588 1039 3632 seu
1056 3571 1244 3651 egestatem
1267 3564 1366 3631 redu·

222 3700 359 3774 cantur,
380 3693 409 3758 7.
434 3713 479 3756 ne
502 3691 745 3757 defunctorum
763 3691 947 3759 facultates
966 3691 1206 3778 publicentur,
1222 3691 1254 3757 8.
1271 3690 1364 3772 utii,

156 3831 198 3893 25
223 3818 282 3904 qui
306 3840 368 3904 pro
393 3816 508 3904 patria
531 3817 659 3883 mortui
682 3824 778 3900 sunt,
801 3815 989 3883 honorifice
1013 3816 1246 3903 sepeliantur,
1270 3817 1300 3881 9.
1325 3822 1364 3882 ut

221 3966 338 4010 eorum
362 3942 463 4009 liberi
486 3964 595 4028 usque
618 3941 662 4008 ad
680 3941 899 4029 pubertatem
923 3941 1072 4029 publicis
1096 3938 1280 4028 stipendiis
1303 3962 1365 4006 nu·

221 4069 389 4152 triantur,
412 4070 461 4133 10.
486 4074 526 4133 ut
544 4067 691 4133 iniuriae
716 4090 848 4148 eorum,
865 4069 926 4154 qui
948 4084 1126 4154 praesunt,
1147 4064 1362 4152 depositione

312 4247 381 4296 3e4
405 4245 580 4310 reipublicae
606 4246 630 4296 0
693 4247 710 4297 8
734 4251 915 4306 statuantur,
942 4247 958 4295 9
981 4248 1041 4295 sint
1062 4261 1075 4294 c
1099 4246 1129 4294 10
1153 4243 1314 4294 afficiantur
1338 4243 1363 4295 (ἶ

219 4329 249 4377 11
266 4327 389 4392 Reipub.
406 4341 453 4376 res
471 4324 530 4391 (sic)
547 4341 560 4375 e
577 4327 700 4392 suscipit
717 4329 754 4378 F:
772 4328 937 4393 respublica
954 4327 1121 4391 eeuecipiat
1140 4326 1164 4376 0
1227 4324 1363 4375 111111111-

219 4406 317 4474 tatum]
333 4407 412 4471 soree
433 4407 605 4470 dignitatem
628 4424 643 4455 o
665 4406 792 4471 qualccru
813 4406 947 4458 dissimile
1011 4409 1041 4458 13
1058 4406 1234 4472 reipublicae
1258 4405 1363 4455 condu-

222 4492 289 4539 cant
304 4487 328 4537 G
392 4488 422 4536 14
439 4486 477 4536 II.
493 4487 585 4537 11111*
645 4488 674 4536 21
693 4488 891 4540 auctoritaaG

352 4583 429 4623 Bauiu
446 4583 501 4632 opp.
517 4584 557 4622 lae.
573 4582 608 4632 11,
624 4583 646 4622 3.
1178 4582 1205 4620 ⁴4
