3390 5122
603 420 754 466 scarnen
775 422 1008 468 mrsonvcno.
1317 414 1376 473 333

234 575 338 640 etiam
365 576 500 662 phrasi,
525 576 586 642 illa
609 576 806 643 deducenda
830 585 882 643 est
899 601 962 665 per
984 579 1151 646 terminos
1174 585 1376 668 grammati-

234 726 304 788 cos,
324 704 512 771 rhetoricos
535 712 570 770 et
593 705 803 786 dialecticos,
833 705 894 791 qui
923 705 961 771 in
988 707 1155 793 peculiari
1179 715 1375 797 tetragona,

234 830 330 896 cuius
354 833 534 897 διατὺπωσιν
557 829 662 896 habet
680 829 804 896 author
827 829 859 894 d.
879 829 914 914 l.,
940 831 1112 898 scribendi
1142 839 1235 917 sunt,
1261 836 1377 903 certis·

233 978 300 1042 que
322 955 434 1021 literis
457 955 681 1043 exprimendi.
699 954 854 1020 Termini
871 954 929 1020 isti
946 955 1208 1024 considerantur
1224 960 1279 1024 vel
1295 960 1375 1043 soli,

189 1083 209 1143 5
234 1080 288 1145 vel
313 1081 468 1147 connexi.
494 1080 585 1174 Soli,
604 1087 644 1146 ut
668 1081 697 1145 si
716 1080 806 1146 hano
829 1081 1036 1146 sententiam
1056 1080 1165 1148 ‘Deus
1190 1090 1241 1150 est
1265 1085 1377 1149 colen-

233 1204 311 1270 dus*
332 1205 455 1271 ducam
473 1227 535 1293 per
553 1204 600 1290 A,
617 1206 661 1288 B,
679 1203 721 1282 Ο,
737 1212 772 1270 et
794 1212 867 1270 tam
890 1206 1120 1292 longitudinis
1137 1230 1241 1293 quam
1257 1209 1376 1275 latitu-

233 1328 340 1411 dinis;
365 1330 524 1414 connexi,
549 1329 578 1396 si
603 1330 721 1396 literas
740 1329 971 1416 longitudinis
986 1330 1146 1397 misceam
1167 1355 1245 1398 cum
1264 1333 1375 1400 literis

233 1455 443 1539 latitudinis,
469 1462 508 1521 ut
527 1462 559 1523 τὸ
584 1455 616 1520 Α
635 1455 866 1540 longitudinis
883 1478 960 1521 cum
976 1455 1069 1520 ABG
1090 1465 1154 1522 etc.
1166 1458 1375 1525 latitudinis.

232 1582 307 1646 Hac
337 1581 471 1647 ratione
505 1581 643 1668 exurgit
677 1567 852 1647 uberrima
878 1580 1080 1648 variationis
1106 1583 1241 1664 messis,
1273 1607 1375 1670 quam

169 1703 210 1765 10
233 1728 333 1793 saepe
357 1706 528 1773 attonitus
552 1705 715 1793 adspicio.

325 1831 594 1918 Alphabetum
618 1831 846 1919 practicum
868 1831 1042 1918 primum
1062 1838 1126 1898 est
1145 1854 1217 1920 cap.
1234 1834 1295 1917 10,
1313 1834 1374 1900 ubi

234 1955 376 2036 aulthor
399 1955 499 2022 docet
517 1956 686 2022 rationem
702 1955 855 2022 locorum
872 1956 1104 2022 communium
1129 1957 1372 2042 oratoriorum,
1400 1963 1459 2026 18
1471 1964 1516 2025 F

233 2081 325 2146 hunc
339 2080 376 2146 in
400 2081 548 2146 modum.
574 2081 815 2148 constituatur
832 2080 1005 2168 peculiare
1023 2079 1259 2168 alphabetum,
1281 2083 1373 2169 quod

234 2206 412 2272 contineat
429 2205 551 2272 titulos
575 2212 609 2272 et
631 2206 724 2272 locos
744 2227 939 2272 communes
959 2205 1139 2286 oratorios,
1155 2212 1194 2271 ut
1214 2206 1219 2293 Ι
1240 2206 1272 2270 Α
1295 2229 1371 2294 pro
1400 2212 1498 2276 120
1512 2211 1553 2277 G

166 2334 207 2397 15
230 2330 398 2418 ponendi,
415 2331 446 2396 B
462 2331 649 2416 asserendi,
666 2338 701 2396 et
720 2331 769 2397 sic
788 2330 948 2417 deinceps
964 2330 1090 2396 habeat
1108 2330 1283 2398 formulas.
1300 2332 1374 2398 Iam

231 2455 401 2542 quidquid
419 2456 512 2543 apud
535 2456 698 2543 probatos
718 2455 867 2522 occurrit
883 2454 1057 2542 authores,
1074 2455 1111 2521 id
1130 2478 1231 2522 omne
1247 2456 1291 2523 ad
1309 2456 1372 2523 hos

232 2581 325 2647 locos
344 2579 466 2646 referri
488 2587 615 2667 potest,
640 2580 760 2647 debet:
784 2587 824 2647 ut
843 2580 871 2646 si
890 2580 992 2648 hodie
1014 2580 1110 2667 legas
1124 2581 1218 2669 apud
1241 2579 1374 2647 Cicero·

231 2729 310 2772 uem
326 2706 510 2773 formulam
529 2706 715 2790 asserendi,
734 2706 824 2772 refer
840 2705 883 2772 ad
902 2706 1045 2772 classem
1061 2708 1134 2772 sive
1149 2706 1304 2772 litteram
1324 2707 1372 2790 B;

231 2833 260 2897 si
277 2855 350 2897 cras
366 2831 552 2899 formulam
570 2831 748 2917 laudandi,
763 2831 853 2898 refer
868 2831 913 2897 ad
928 2831 1035 2897 istum
1050 2831 1192 2898 titulum
1204 2831 1372 2919 peculiari

165 2959 209 3022 20
230 2957 332 3022 litera
355 2963 525 3023 notatum.

320 3081 597 3169 Alphabetum
619 3081 812 3148 ultimum
836 3082 993 3149 continet
1020 3082 1190 3149 terminos
1218 3081 1374 3148 acciden-

229 3207 316 3272 tales
335 3229 383 3272 ca.
411 3207 461 3271 11.

320 3332 502 3399 Secunda
520 3333 651 3399 sectio
670 3332 802 3420 partis
821 3333 1024 3399 secundae
1039 3332 1248 3420 proponitur
1267 3356 1294 3399 c.
1309 3334 1372 3418 12,

229 3457 414 3543 exponitur
449 3480 545 3546 capp.
570 3480 663 3545 seqq.
698 3456 750 3524 De
772 3479 899 3544 genere
931 3456 986 3539 del
993 3458 1222 3525 monstrativa
1256 3457 1373 3544 agitur
1398 3466 1458 3529 19
1472 3466 1517 3528 F

163 3583 205 3646 25
230 3604 257 3646 c.
268 3584 329 3666 13,
343 3581 384 3646 dc
400 3581 626 3650 deliberativo
639 3607 666 3649 c.
682 3583 742 3668 14,
763 3582 805 3648 de
816 3582 972 3649 iudiciali
985 3605 1012 3648 c.
1031 3584 1081 3648 15.
1098 3589 1133 3649 et
1152 3582 1283 3649 ultimo.
1306 3581 1374 3647 Hic

228 3705 408 3793 pulchram
432 3707 603 3794 inspergit
630 3708 865 3775 monitionem.
890 3707 980 3773 Nam
1007 3706 1124 3773 thema
1153 3705 1374 3773 tractandum

230 3830 358 3896 oratori
382 3831 437 3897 vel
464 3854 550 3918 pure
578 3838 749 3899 tractatur
780 3832 836 3900 vel
860 3831 987 3897 mixte:
1017 3854 1121 3919 pure,
1146 3837 1185 3896 ut
1213 3830 1243 3897 si
1271 3853 1289 3896 e
1313 3852 1375 3896 sua

230 3956 307 4022 sede
324 3956 531 4044 explicetur,
548 3965 588 4023 ut
604 3957 633 4023 si
646 3957 692 4024 sit
709 3959 845 4044 generis
861 3956 1095 4043 deliberativi,
1112 3963 1148 4022 et
1167 3960 1375 4043 argumenta

230 4082 302 4147 eius
315 4084 451 4168 generis
464 4082 668 4167 afferantur,
685 4082 801 4164 mixte,
813 4083 842 4148 si
855 4083 923 4150 tria
933 4082 1001 4149 ista
1013 4104 1140 4169 genera
1153 4081 1373 4147 misceantur.

162 4213 207 4276 30
230 4206 267 4272 Si
291 4207 384 4273 enim
413 4207 560 4275 materia
578 4207 625 4275 sit
647 4208 785 4295 generis
804 4207 1036 4292 deliberativi,
1067 4214 1184 4274 orator
1211 4205 1375 4272 admisce-

320 4404 360 4453 3c
375 4406 405 4453 12
426 4410 529 4454 auctor
548 4419 561 4452 e
580 4404 611 4453 16
632 4408 766 4454 suctores
788 4403 811 4452 (l
874 4403 890 4452 a
914 4405 940 4453 d.
963 4403 981 4452 l.
1007 4401 1164 4466 (emedioto
1182 4400 1255 4466 loco)
1274 4416 1323 4450 oar.
1348 4396 1372 4447 G

226 4486 243 4532 9
259 4483 429 4548 exsurgite
494 4484 524 4533 17
540 4489 596 4543 (et)
611 4483 697 4533 debat
710 4481 735 4533 G
