3390 5122
236 427 255 485 6
492 447 632 494 rounam
652 448 754 495 sarm
776 450 820 495 nn
840 449 1031 496 rnoeanssv
1052 451 1124 498 arc.

235 599 340 666 sticre
359 623 479 690 campo
498 605 588 670 male
606 612 780 688 tonantes,
801 629 901 673 canes
926 607 1120 695 implicant,
1141 608 1231 675 feras
1250 608 1380 697 disper-

234 724 323 792 dunt
350 733 384 792 et
413 728 585 796 avidiores
605 729 823 797 confundunt
840 730 1074 818 fraudantque
1091 739 1283 800 venatores.
1307 734 1380 799 Nec

233 849 358 917 desunt
377 851 639 940 fortunatiores,
659 855 720 942 qui
736 877 806 922 non
825 862 926 923 tanta
944 857 1078 944 ingenii
1097 858 1268 925 tenuitate
1286 858 1379 924 labo·

232 982 326 1061 rant,
355 983 395 1043 ut
424 977 588 1065 ignorent
617 986 755 1067 praeter
782 980 903 1048 iudicii
932 989 967 1048 et
995 982 1208 1050 inventionis
1236 982 1379 1050 titulum

188 1106 210 1171 5
233 1102 321 1168 nihil
341 1125 482 1190 prorsus
500 1105 713 1172 inventionis
733 1105 890 1192 nihilque
909 1106 1032 1174 iudicii
1051 1113 1142 1174 artes
1160 1107 1303 1174 huiusce
1321 1132 1380 1195 ge-

233 1229 325 1294 neris
345 1229 530 1296 continere.
550 1231 658 1298 Porro
675 1253 753 1297 oum
769 1239 912 1320 propter
928 1233 1086 1300 authoris
1102 1234 1325 1322 asperitatem
1345 1243 1380 1302 et

232 1353 302 1420 illis
335 1354 522 1442 impervios
556 1356 791 1444 expositorum
821 1381 938 1425 sensus
967 1382 1079 1446 neque
1106 1359 1290 1447 frugaliter
1317 1384 1379 1449 per

232 1478 473 1548 Aristotelicas
497 1482 637 1548 semitas
660 1482 727 1548 iter
746 1483 897 1570 arripere
919 1485 1066 1572 possint,
1087 1486 1220 1574 proprii
1244 1485 1377 1572 ingenii

231 1604 365 1672 viribus
393 1605 507 1673 innixi
526 1629 605 1674 cum
635 1606 767 1696 Oedipo
788 1610 792 1695 Ι
813 1609 946 1695 tragico
965 1609 1079 1676 dicere
1102 1611 1283 1677 videntur:
1301 1611 1377 1677 huc
1403 1610 1513 1676 '706
1529 1610 1569 1676 G

168 1729 210 1794 10
233 1731 340 1797 omni
368 1731 469 1798 duce
501 1732 706 1820 spoliatus
734 1734 810 1800 ibo.
840 1734 987 1800 Melius
1016 1736 1226 1803 inveniam
1253 1737 1375 1818 viam,

230 1880 349 1944 quarn
373 1879 534 1944 quaere,
559 1859 677 1925 solus.
701 1860 835 1925 Horum
859 1858 1030 1926 desertam
1047 1869 1082 1927 et
1097 1861 1272 1928 infelicem
1289 1884 1377 1928 com·
1463 1920 1466 1925 .

230 1982 412 2050 miseratus
429 1982 675 2068 conditionem,
696 2007 820 2072 operae
836 1985 990 2072 precium
1006 2010 1061 2052 me
1079 1986 1254 2054 facturum
1277 1987 1374 2071 duxi,

230 2112 260 2178 si
279 2111 316 2179 in
334 2111 437 2177 huius
456 2110 542 2179 artis
562 2111 693 2193 ordine,
712 2111 935 2200 expolitione,
956 2113 1107 2199 cultura,
1126 2113 1375 2201 complemento

230 2245 265 2304 et
284 2236 514 2304 elucidatione
541 2237 748 2322 laborarem,
778 2244 948 2322 quatenus
976 2238 1033 2325 iis,
1063 2260 1149 2324 quos
1177 2239 1310 2305 caelum
1333 2237 1377 2305 ad

164 2365 206 2431 15
229 2363 352 2431 horum
368 2363 546 2430 fructuum
561 2364 866 2452 participationem
885 2363 1087 2448 destinavit,
1106 2387 1170 2451 pro
1188 2364 1284 2430 virili
1308 2364 1377 2430 suf·

228 2490 385 2576 fragator
412 2490 531 2556 adesse
560 2490 698 2576 possim.
724 2490 795 2557 Ubi
825 2490 909 2576 quid
932 2497 1170 2576 quantumque
1197 2490 1377 2577 praestite-

228 2616 313 2700 rim,
353 2623 453 2682 tuum
489 2614 705 2703 aliorumque
738 2615 875 2700 (quibus
907 2614 971 2681 hoc
999 2614 1194 2701 intelligere
1222 2613 1375 2698 dabitur)

227 2749 300 2809 esto
320 2741 498 2808 iudicium.
517 2742 613 2807 Haeo
636 2741 702 2807 tibi
722 2740 837 2806 dicare
861 2747 990 2827 tuoque
1009 2740 1117 2806 malui
1136 2740 1301 2826 examini,
1323 2741 1375 2806 iu·
1426 2774 1435 2789 ·

226 2867 317 2934 dicio
340 2874 446 2955 atque
470 2867 665 2955 patrocinio
689 2866 826 2951 offerre,
851 2866 1055 2932 submittere
1078 2874 1183 2952 atque
1207 2889 1376 2934 commen·

159 2993 205 3058 20
226 2996 317 3079 dare,
330 3002 452 3083 utpote
469 2995 538 3080 qui,
554 2992 705 3082 propriis
724 2993 846 3058 videns
863 2993 983 3078 cordia,
1003 2993 1113 3059 caecis
1131 2993 1282 3081 lippisve
1296 2994 1375 3060 aliis

225 3121 412 3190 iudicanda
441 3120 656 3187 committere
688 3140 760 3185 non
788 3118 938 3205 cogaris,
970 3118 1014 3184 iis
1039 3118 1183 3205 inquam
1210 3119 1269 3206 qui
1299 3141 1377 3185 cum

226 3249 403 3336 ignorent,
423 3247 480 3313 vel
499 3246 662 3312 simulato
681 3251 884 3332 contemptu
898 3244 1067 3312 fervidius
1084 3251 1244 3332 carpant,
1263 3244 1320 3311 vel
1337 3251 1377 3310 ut

225 3374 406 3460 aliquant-o
426 3373 505 3461 plus
525 3394 645 3460 sapere
660 3370 860 3455 videantur,
881 3370 1021 3436 tantillo
1037 3369 1135 3435 labra
1150 3370 1376 3457 comprimen·
1420 3363 1421 3367 ¹

224 3506 278 3566 tes
290 3509 325 3566 et
340 3523 466 3567 nasum
478 3495 728 3588 propemodum
742 3496 983 3583 intorquentes
999 3495 1118 3563 eadem
1135 3494 1376 3582 frigidiuscule

164 3630 208 3694 25
231 3625 482 3692 commendent.
501 3625 602 3707 Vale,
626 3629 661 3688 et
684 3623 815 3707 Musas,
840 3645 928 3708 quae
951 3644 1022 3688 non
1040 3621 1246 3708 vulgaribus
1264 3627 1299 3686 te
1319 3620 1376 3686 de-

226 3758 390 3819 corarunt
409 3750 586 3837 insigniis,
607 3749 737 3815 amicas
756 3748 885 3835 excipe.

319 3976 506 4028 GantorieG
570 3978 599 4026 11
616 3975 687 4038 dopo
704 3989 812 4040 quaero
830 3978 919 4022 ortelle
935 3973 964 4020 la
981 3970 1089 4036 vir-pola
1109 3971 1133 4020 0
1197 3971 1329 4034 mopere
1347 3970 1373 4019 1²

225 4058 390 4123 pretiumG
458 4059 488 4106 14
505 4057 616 4107 caelum
628 4052 855 4106 PmoelumAG
926 4054 956 4101 19
973 4051 1143 4101 comendare
1157 4049 1251 4099 Pera
1262 4064 1373 4099 comon-

226 4141 357 4192 dontP.·l
423 4137 831 4204 &lilopoignoranttopb'cla
849 4132 993 4200 cirpolaG
1056 4131 1375 4198 minsignijsl’l:in·

225 4224 359 4289 signibus
373 4223 482 4272 emerrda
499 4222 522 4271 (l
