3390 5122
530 435 574 477 00
596 433 838 477 0000000000
861 432 1041 493 ruiturum,
1064 432 1097 474 11.
1321 413 1380 470 223
1454 413 1475 444 “

239 595 335 659 euius
359 593 510 659 sonitum
533 591 704 656 excitatur
728 589 840 654 bestia
865 587 993 676 gryphi
1016 587 1233 674 Hyperborei
1254 585 1291 649 iu
1309 606 1380 649 rno-

237 744 310 786 rem
323 741 525 807 pssurgenS,
542 717 701 782 mordens
715 716 824 798 labia,
849 713 1004 802 crispans
1029 736 1141 798 nares,
1159 712 1379 796 distorquens

238 869 287 931 os,
308 845 469 910 frendens
492 843 667 923 dentibuS,
689 841 838 906 stridens
862 840 1050 924 Fremitus,
1070 838 1224 904 fervidus
1248 838 1379 920 Ardor,

370 969 500 1052 Effera,
521 968 680 1048 erudelis,
701 990 877 1054 praeceps,
901 966 1069 1049 vultuque
1088 964 1236 1048 minaci,

193 1093 213 1154 5
238 1096 395 1172 Quaene
420 1096 556 1160 animus
575 1115 694 1159 verum
714 1099 818 1177 atque
843 1091 972 1157 bonum
996 1089 1239 1176 comprendere
1258 1090 1368 1177 possit

238 1220 402 1307 Impedit,
423 1227 457 1283 et
477 1218 626 1306 speciem
646 1225 848 1304 conceptam
866 1215 989 1281 insana
1003 1221 1129 1280 tuetur.

238 1345 424 1411 Terribiles
444 1343 552 1408 trahit
570 1342 633 1408 illa
652 1342 777 1425 001000,
797 1340 986 1406 terroribus
1005 1347 1107 1426 urget

239 1469 415 1554 Quidquid
430 1467 614 1556 praecipiti
635 1466 833 1554 apponitur,
856 1466 924 1530 cita
943 1465 1087 1549 vultque
1104 1487 1235 1529 nocere.

237 1597 316 1661 Nou
331 1596 467 1683 patitur
486 1617 614 1678 moras,
634 1592 730 1681 cupit
750 1591 939 1657 accelerare
956 1590 1125 1656 mulorum
1145 1647 1150 1661 ,

174 1724 214 1785 10
237 1721 423 1786 Tormenta
443 1729 546 1806 atque
566 1742 673 1784 neces
690 1717 748 1782 Sic
767 1717 948 1782 eonsilium
968 1739 1068 1782 omne
1085 1723 1229 1781 recusat.
1405 1715 1501 1776 125

236 1849 342 1912 Parta
361 1847 469 1912 infixa
486 1845 583 1931 viget
606 1845 736 1910 dudum
755 1843 927 1908 sententia
947 1843 1069 1924 menti,

236 1971 382 2037 Concita
403 1970 545 2036 consilio
565 1969 659 2035 surdi
679 1969 854 2053 curritque
873 1967 1018 2051 furoris,

237 2096 419 2162 Fulmineo
440 2096 587 2161 infrenis
604 2102 728 2160 cuncta
747 2095 851 2160 obvia
869 2093 992 2180 diripit
1009 2115 1079 2174 ore,

237 2223 374 2286 Percita
391 2222 557 2308 flagranti
576 2221 684 2287 currit
702 2219 962 2285 frernebnudior
983 2226 1095 2302 aestu,

173 2350 213 2411 15
238 2346 456 2430 infirmisque
476 2369 598 2411 manus
619 2346 792 2411 constanti
812 2345 933 2410 robore
952 2344 1081 2426 firmat,

236 2471 352 2536 Efficit
373 2478 406 2536 et
423 2470 542 2536 molles
561 2471 682 2557 rapida
702 2471 831 2536 virtute
850 2470 997 2553 feroces,

236 2597 410 2661 Effrenem
430 2595 515 2660 facit
535 2596 594 2680 qui
615 2597 729 2662 animo
748 2595 817 2660 fuit
837 2602 917 2660 ante
936 2595 1087 2660 remisse.

236 2721 398 2806 Frigidus
415 2728 449 2786 00
469 2729 608 2807 torpens
627 2721 707 2807 igue
727 2720 962 2785 inflammatur
981 2720 1024 2785 ab
1043 2720 1127 2805 ista,

238 2847 401 2911 Fortibus
417 2847 481 2911 hoe
497 2846 640 2911 timidus
657 2846 774 2911 furiali
794 2845 945 2933 percitus
962 2852 1088 2929 oestro,

171 2975 214 3036 20
238 2971 399 3036 Mollibus
419 2971 511 3037 haud
527 2971 639 3036 audax
658 2970 808 3036 stimulis
827 2977 981 3036 monstra
1002 2971 1109 3037 ardua
1128 2978 1254 3057 portat.

237 3096 306 3162 Ora
325 3104 476 3176 tument,
498 3096 592 3183 turpi
612 3096 813 3181 nigrescunt
832 3097 1001 3183 sanguine
1017 3119 1138 3178 venae,

238 3221 495 3306 Sanguineique
516 3221 605 3285 oculi
625 3220 731 3285 radiis
750 3221 955 3287 ferientibus
974 3222 1066 3306 ignis

237 3343 377 3433 Spicula
394 3345 600 3430 discutiunt,
621 3344 742 3410 dentes
762 3345 858 3428 terit,
879 3367 1007 3432 eraque
1026 3370 1150 3433 spuma

237 3473 365 3555 Inficit,
387 3472 559 3537 imbutum
578 3471 734 3538 flammas
754 3496 811 3538 cor
830 3475 984 3562 protegit
1004 3476 1135 3541 ardens.

169 3612 212 3673 ‘25
236 3602 351 3666 Lussis
370 3602 454 3667 haec
470 3601 632 3666 membris
651 3602 804 3688 requiem
823 3613 941 3691 negat,
963 3607 1073 3692 adque
1091 3607 1283 3673 nocendum

237 3729 344 3794 Arma
364 3730 456 3816 capit
477 3751 712 3815 quaecumque
731 3731 828 3796 dolor
847 3731 914 3798 sibi
933 3734 1108 3821 suggerit,
1129 3742 1232 3820 atque

239 3854 476 3939 Quideumque
496 3856 645 3920 occurrit
665 3857 753 3921 male
773 3880 875 3922 sanae
895 3859 938 3923 ad
957 3861 1075 3925 munia
1095 3861 1155 3924 teli

237 3980 417 4060 Destinat,
439 3980 476 4044 in
491 3979 642 4045 iaculum
664 3988 767 4066 atque
787 4005 902 4048 ensem
922 4008 1044 4071 nempe
1064 3986 1179 4050 omnia
1198 3986 1318 4070 vertit,

236 4105 283 4168 Et
302 4105 415 4169 rabies
435 4128 669 4190 quemcumque
688 4106 784 4171 ferox
803 4108 986 4173 volitantia
1003 4110 1125 4174 reddit.

170 4234 214 4297 30
237 4233 338 4297 Hanc
354 4232 429 4297 1000
448 4233 627 4319 supposita
646 4234 838 4298 ferventem
858 4234 970 4299 reddit
990 4236 1141 4322 Erinnys

439 4399 690 4406 ———————
1057 4401 1370 4410 *-

331 4472 464 4538 lGripbi
527 4474 703 4524 9000100000
766 4476 939 4540 30Eryuuis
