<?xml version="1.0" encoding="UTF-8"?>
<!DOCTYPE html PUBLIC "-//W3C//DTD XHTML 1.0 Transitional//EN"
    "http://www.w3.org/TR/xhtml1/DTD/xhtml1-transitional.dtd">
<html xmlns="http://www.w3.org/1999/xhtml" xml:lang="en" lang="en">
 <head>
  <title>
</title>
<meta http-equiv="Content-Type" content="text/html;charset=utf-8" />
  <meta name='ocr-system' content='tesseract 3.04.00' />
  <meta name='ocr-capabilities' content='ocr_page ocr_carea ocr_par ocr_line ocrx_word'/>
</head>
<body>
  <div class='ocr_page' id='page_1' title='image "./jordanibruninol00brungoog_0228.png"; bbox 0 0 3390 5122; ppageno 0'>
   <div class='ocr_carea' id='block_1_1' title="bbox 555 427 1404 504">
    <p class='ocr_par' dir='ltr' id='par_1_1' title="bbox 555 427 1404 504">
     <span class='ocr_line' id='line_1_1' title="bbox 555 427 1404 504; baseline -0.004 -18"><span class='ocrx_word' id='word_1_1' title='bbox 555 441 599 486; x_wconf 81' lang='lat' dir='ltr'>ne</span> <span class='ocrx_word' id='word_1_2' title='bbox 620 441 862 487; x_wconf 77' lang='lat' dir='ltr'>coneosrmona</span> <span class='ocrx_word' id='word_1_3' title='bbox 884 442 1066 504; x_wconf 74' lang='lat' dir='ltr'>mnornvu,</span> <span class='ocrx_word' id='word_1_4' title='bbox 1087 443 1121 487; x_wconf 88' lang='lat' dir='ltr'>u.</span> <span class='ocrx_word' id='word_1_5' title='bbox 1345 427 1404 483; x_wconf 73' lang='lat'>213</span> 
     </span>
    </p>
   </div>
   <div class='ocr_carea' id='block_1_2' title="bbox 216 597 1287 1187">
    <p class='ocr_par' dir='ltr' id='par_1_2' title="bbox 260 597 1237 1062">
     <span class='ocr_line' id='line_1_2' title="bbox 262 597 1127 685; baseline 0.002 -24"><span class='ocrx_word' id='word_1_6' title='bbox 262 597 510 683; x_wconf 86' lang='lat' dir='ltr'>Abductusque</span> <span class='ocrx_word' id='word_1_7' title='bbox 529 599 597 664; x_wconf 89' lang='lat' dir='ltr'>alio</span> <span class='ocrx_word' id='word_1_8' title='bbox 617 599 727 665; x_wconf 86' lang='lat' dir='ltr'>fertur</span> <span class='ocrx_word' id='word_1_9' title='bbox 745 623 848 685; x_wconf 89' lang='lat' dir='ltr'>quam</span> <span class='ocrx_word' id='word_1_10' title='bbox 868 621 936 685; x_wconf 92' lang='lat' dir='ltr'>quo</span> <span class='ocrx_word' id='word_1_11' title='bbox 956 600 1059 664; x_wconf 87' lang='lat' dir='ltr'>miser</span> <span class='ocrx_word' id='word_1_12' title='bbox 1078 598 1127 663; x_wconf 89' lang='lat' dir='ltr'>ire</span> 
     </span>
     <span class='ocr_line' id='line_1_3' title="bbox 261 722 1122 810; baseline 0 -23"><span class='ocrx_word' id='word_1_13' title='bbox 261 722 408 804; x_wconf 75' lang='lat' dir='ltr'><strong>Nititur,</strong></span> <span class='ocrx_word' id='word_1_14' title='bbox 429 729 464 787; x_wconf 92' lang='lat' dir='ltr'>et</span> <span class='ocrx_word' id='word_1_15' title='bbox 482 724 603 789; x_wconf 86' lang='lat' dir='ltr'>fractis</span> <span class='ocrx_word' id='word_1_16' title='bbox 621 725 768 810; x_wconf 84' lang='lat' dir='ltr'>genibus</span> <span class='ocrx_word' id='word_1_17' title='bbox 791 724 947 789; x_wconf 77' lang='lat' dir='ltr'>labantia</span> <span class='ocrx_word' id='word_1_18' title='bbox 966 723 1122 788; x_wconf 92' lang='lat' dir='ltr'>membra</span> 
     </span>
     <span class='ocr_line' id='line_1_4' title="bbox 261 847 1237 934; baseline 0.001 -23"><span class='ocrx_word' id='word_1_19' title='bbox 261 847 328 911; x_wconf 84' lang='lat' dir='ltr'>Vix</span> <span class='ocrx_word' id='word_1_20' title='bbox 348 849 415 913; x_wconf 92' lang='lat' dir='ltr'>ciet</span> <span class='ocrx_word' id='word_1_21' title='bbox 434 857 538 934; x_wconf 88' lang='lat' dir='ltr'>atque</span> <span class='ocrx_word' id='word_1_22' title='bbox 554 848 673 914; x_wconf 84' lang='lat' dir='ltr'>eadem</span> <span class='ocrx_word' id='word_1_23' title='bbox 692 872 772 915; x_wconf 84' lang='lat' dir='ltr'>mox</span> <span class='ocrx_word' id='word_1_24' title='bbox 791 849 926 915; x_wconf 89' lang='lat' dir='ltr'>concita</span> <span class='ocrx_word' id='word_1_25' title='bbox 945 848 1005 914; x_wconf 83' lang='lat' dir='ltr'>vix</span> <span class='ocrx_word' id='word_1_26' title='bbox 1021 847 1237 929; x_wconf 57' lang='lat' dir='ltr'>moderatum</span> 
     </span>
     <span class='ocr_line' id='line_1_5' title="bbox 260 973 1067 1062; baseline 0.004 -26"><span class='ocrx_word' id='word_1_27' title='bbox 260 973 327 1037; x_wconf 87' lang='lat' dir='ltr'>Vix</span> <span class='ocrx_word' id='word_1_28' title='bbox 348 996 383 1039; x_wconf 91' lang='lat' dir='ltr'>se</span> <span class='ocrx_word' id='word_1_29' title='bbox 404 976 594 1062; x_wconf 75' lang='lat' dir='ltr'>componit,</span> <span class='ocrx_word' id='word_1_30' title='bbox 613 976 673 1040; x_wconf 84' lang='lat' dir='ltr'>vix</span> <span class='ocrx_word' id='word_1_31' title='bbox 693 999 727 1041; x_wconf 91' lang='lat' dir='ltr'>se</span> <span class='ocrx_word' id='word_1_32' title='bbox 747 976 814 1041; x_wconf 91' lang='lat' dir='ltr'>sibi</span> <span class='ocrx_word' id='word_1_33' title='bbox 832 975 1067 1060; x_wconf 67' lang='lat' dir='ltr'>restituitque.</span> 
     </span>
    </p>

    <p class='ocr_par' dir='ltr' id='par_1_3' title="bbox 216 1093 1287 1187">
     <span class='ocr_line' id='line_1_6' title="bbox 216 1093 1287 1187; baseline 0 -25"><span class='ocrx_word' id='word_1_34' title='bbox 216 1093 237 1156; x_wconf 75' lang='grc' dir='ltr'><em>ὃ</em></span> <span class='ocrx_word' id='word_1_35' title='bbox 260 1098 489 1186; x_wconf 82' lang='lat' dir='ltr'>Praecipitem</span> <span class='ocrx_word' id='word_1_36' title='bbox 509 1100 646 1166; x_wconf 88' lang='lat' dir='ltr'>tandem</span> <span class='ocrx_word' id='word_1_37' title='bbox 668 1123 686 1166; x_wconf 90' lang='lat' dir='ltr'>e</span> <span class='ocrx_word' id='word_1_38' title='bbox 705 1101 853 1187; x_wconf 86' lang='lat' dir='ltr'>geminis</span> <span class='ocrx_word' id='word_1_39' title='bbox 872 1124 907 1165; x_wconf 88' lang='lat' dir='ltr'>se</span> <span class='ocrx_word' id='word_1_40' title='bbox 926 1100 1036 1166; x_wconf 83' lang='lat' dir='ltr'>trudit</span> <span class='ocrx_word' id='word_1_41' title='bbox 1054 1100 1093 1165; x_wconf 88' lang='lat' dir='ltr'>in</span> <span class='ocrx_word' id='word_1_42' title='bbox 1111 1121 1232 1182; x_wconf 87' lang='lat' dir='ltr'>unum,</span> <span class='ocrx_word' id='word_1_43' title='bbox 1253 1104 1287 1162; x_wconf 91' lang='lat' dir='ltr'>et</span> 
     </span>
    </p>
   </div>
   <div class='ocr_carea' id='block_1_3' title="bbox 261 1225 1264 1314">
    <p class='ocr_par' dir='ltr' id='par_1_4' title="bbox 261 1225 1264 1314">
     <span class='ocr_line' id='line_1_7' title="bbox 261 1225 1264 1314; baseline -0.001 -24"><span class='ocrx_word' id='word_1_44' title='bbox 261 1226 353 1291; x_wconf 90' lang='lat' dir='ltr'>Dum</span> <span class='ocrx_word' id='word_1_45' title='bbox 368 1227 454 1293; x_wconf 88' lang='lat' dir='ltr'>facit</span> <span class='ocrx_word' id='word_1_46' title='bbox 472 1228 568 1311; x_wconf 89' lang='lat' dir='ltr'>haec,</span> <span class='ocrx_word' id='word_1_47' title='bbox 589 1228 701 1292; x_wconf 89' lang='lat' dir='ltr'>facere</span> <span class='ocrx_word' id='word_1_48' title='bbox 720 1227 795 1314; x_wconf 90' lang='lat' dir='ltr'>ipsa</span> <span class='ocrx_word' id='word_1_49' title='bbox 813 1227 911 1314; x_wconf 84' lang='lat' dir='ltr'>piget</span> <span class='ocrx_word' id='word_1_50' title='bbox 930 1226 1116 1311; x_wconf 86' lang='lat' dir='ltr'>malletque</span> <span class='ocrx_word' id='word_1_51' title='bbox 1134 1225 1264 1291; x_wconf 87' lang='lat' dir='ltr'>relicta.</span> 
     </span>
    </p>
   </div>
   <div class='ocr_carea' id='block_1_4' title="bbox 194 1352 1188 1815">
    <p class='ocr_par' dir='ltr' id='par_1_5' title="bbox 259 1352 1109 1438">
     <span class='ocr_line' id='line_1_8' title="bbox 259 1352 1109 1438; baseline 0.001 -22"><span class='ocrx_word' id='word_1_52' title='bbox 259 1353 381 1418; x_wconf 84' lang='lat' dir='ltr'>Mallet</span> <span class='ocrx_word' id='word_1_53' title='bbox 400 1376 503 1438; x_wconf 86' lang='lat' dir='ltr'>quarn</span> <span class='ocrx_word' id='word_1_54' title='bbox 523 1353 626 1419; x_wconf 91' lang='lat' dir='ltr'>dubie</span> <span class='ocrx_word' id='word_1_55' title='bbox 645 1353 769 1419; x_wconf 81' lang='lat' dir='ltr'>infelix</span> <span class='ocrx_word' id='word_1_56' title='bbox 789 1359 882 1419; x_wconf 85' lang='lat' dir='ltr'>certo</span> <span class='ocrx_word' id='word_1_57' title='bbox 900 1352 1004 1419; x_wconf 88' lang='lat' dir='ltr'>miser</span> <span class='ocrx_word' id='word_1_58' title='bbox 1023 1375 1109 1434; x_wconf 90' lang='lat' dir='ltr'>esse,</span> 
     </span>
    </p>

    <p class='ocr_par' dir='ltr' id='par_1_6' title="bbox 259 1477 1188 1565">
     <span class='ocr_line' id='line_1_9' title="bbox 259 1477 1188 1565; baseline 0.001 -24"><span class='ocrx_word' id='word_1_59' title='bbox 259 1477 403 1546; x_wconf 79' lang='lat' dir='ltr'>Casibus</span> <span class='ocrx_word' id='word_1_60' title='bbox 420 1478 639 1564; x_wconf 83' lang='lat' dir='ltr'>excelsusque</span> <span class='ocrx_word' id='word_1_61' title='bbox 655 1501 797 1544; x_wconf 88' lang='lat' dir='ltr'>manens</span> <span class='ocrx_word' id='word_1_62' title='bbox 817 1502 852 1544; x_wconf 92' lang='lat' dir='ltr'>se</span> <span class='ocrx_word' id='word_1_63' title='bbox 871 1479 1024 1565; x_wconf 87' lang='lat' dir='ltr'>accingit</span> <span class='ocrx_word' id='word_1_64' title='bbox 1043 1477 1188 1563; x_wconf 80' lang='lat' dir='ltr'>iniquis3</span> 
     </span>
    </p>

    <p class='ocr_par' dir='ltr' id='par_1_7' title="bbox 194 1597 1188 1815">
     <span class='ocr_line' id='line_1_10' title="bbox 258 1597 1188 1691; baseline -0.004 -22"><span class='ocrx_word' id='word_1_65' title='bbox 258 1603 307 1669; x_wconf 90' lang='lat' dir='ltr'>Ut</span> <span class='ocrx_word' id='word_1_66' title='bbox 327 1603 417 1668; x_wconf 89' lang='lat' dir='ltr'>Nero</span> <span class='ocrx_word' id='word_1_67' title='bbox 437 1605 602 1669; x_wconf 88' lang='lat' dir='ltr'>virtutem</span> <span class='ocrx_word' id='word_1_68' title='bbox 622 1611 656 1669; x_wconf 88' lang='lat' dir='ltr'>et</span> <span class='ocrx_word' id='word_1_69' title='bbox 677 1604 791 1672; x_wconf 86' lang='lat' dir='ltr'>varias</span> <span class='ocrx_word' id='word_1_70' title='bbox 811 1597 1052 1691; x_wconf 83' lang='lat' dir='ltr'>complectitur</span> <span class='ocrx_word' id='word_1_71' title='bbox 1071 1602 1188 1685; x_wconf 84' lang='lat' dir='ltr'>arteis,</span> 
     </span>
     <span class='ocr_line' id='line_1_11' title="bbox 194 1726 1051 1815; baseline 0.007 -28"><span class='ocrx_word' id='word_1_72' title='bbox 194 1726 235 1788; x_wconf 90' lang='lat'>10</span> <span class='ocrx_word' id='word_1_73' title='bbox 258 1727 309 1791; x_wconf 90' lang='lat' dir='ltr'>Ne</span> <span class='ocrx_word' id='word_1_74' title='bbox 328 1729 488 1795; x_wconf 86' lang='lat' dir='ltr'>miseram</span> <span class='ocrx_word' id='word_1_75' title='bbox 506 1728 613 1795; x_wconf 88' lang='lat' dir='ltr'>Siculi</span> <span class='ocrx_word' id='word_1_76' title='bbox 631 1736 774 1815; x_wconf 85' lang='lat' dir='ltr'>cogatur</span> <span class='ocrx_word' id='word_1_77' title='bbox 793 1730 881 1794; x_wconf 89' lang='lat' dir='ltr'>inire</span> <span class='ocrx_word' id='word_1_78' title='bbox 901 1728 1051 1815; x_wconf 87' lang='lat' dir='ltr'>tyranni.</span> 
     </span>
    </p>
   </div>
   <div class='ocr_carea' id='block_1_5' title="bbox 720 2029 935 2076">
    <p class='ocr_par' dir='ltr' id='par_1_8' title="bbox 720 2029 935 2076">
     <span class='ocr_line' id='line_1_12' title="bbox 720 2029 935 2076; baseline -0.005 -9"><span class='ocrx_word' id='word_1_79' title='bbox 720 2029 838 2068; x_wconf 71' lang='lat' dir='ltr'>&#39;Primitiae</span> <span class='ocrx_word' id='word_1_80' title='bbox 853 2029 935 2076; x_wconf 77' lang='lat' dir='ltr'>imago.</span> 
     </span>
    </p>
   </div>
   <div class='ocr_carea' id='block_1_6' title="bbox 185 2291 1399 4259">
    <p class='ocr_par' dir='ltr' id='par_1_9' title="bbox 254 2291 1399 2629">
     <span class='ocr_line' id='line_1_13' title="bbox 345 2291 1399 2382; baseline 0.006 -26"><span class='ocrx_word' id='word_1_81' title='bbox 345 2292 361 2339; x_wconf 77' lang='lat' dir='ltr'>l</span> <span class='ocrx_word' id='word_1_82' title='bbox 386 2291 507 2356; x_wconf 85' lang='lat' dir='ltr'>Prodit</span> <span class='ocrx_word' id='word_1_83' title='bbox 525 2315 567 2356; x_wconf 83' lang='lat' dir='ltr'>ex</span> <span class='ocrx_word' id='word_1_84' title='bbox 587 2298 681 2356; x_wconf 88' lang='lat' dir='ltr'>atrae</span> <span class='ocrx_word' id='word_1_85' title='bbox 701 2292 923 2378; x_wconf 90' lang='lat' dir='ltr'>cinereaeque</span> <span class='ocrx_word' id='word_1_86' title='bbox 951 2293 1112 2379; x_wconf 87' lang='lat' dir='ltr'>caliginis</span> <span class='ocrx_word' id='word_1_87' title='bbox 1139 2293 1278 2359; x_wconf 89' lang='lat' dir='ltr'>turbine</span> <span class='ocrx_word' id='word_1_88' title='bbox 1301 2296 1399 2382; x_wconf 86' lang='lat' dir='ltr'>pulla</span> 
     </span>
     <span class='ocr_line' id='line_1_14' title="bbox 255 2417 1399 2506; baseline 0.003 -25"><span class='ocrx_word' id='word_1_89' title='bbox 255 2417 449 2482; x_wconf 82' lang='lat' dir='ltr'>involutum</span> <span class='ocrx_word' id='word_1_90' title='bbox 473 2423 568 2482; x_wconf 88' lang='lat' dir='ltr'>veste</span> <span class='ocrx_word' id='word_1_91' title='bbox 595 2427 780 2504; x_wconf 81' lang='lat' dir='ltr'>spectrum,</span> <span class='ocrx_word' id='word_1_92' title='bbox 807 2419 1027 2484; x_wconf 88' lang='lat' dir='ltr'>summissum</span> <span class='ocrx_word' id='word_1_93' title='bbox 1056 2420 1193 2484; x_wconf 90' lang='lat' dir='ltr'>vultum</span> <span class='ocrx_word' id='word_1_94' title='bbox 1213 2420 1277 2485; x_wconf 90' lang='lat' dir='ltr'>sub</span> <span class='ocrx_word' id='word_1_95' title='bbox 1296 2421 1399 2506; x_wconf 84' lang='lat' dir='ltr'>nigra</span> 
     </span>
     <span class='ocr_line' id='line_1_15' title="bbox 254 2542 1399 2629; baseline 0.002 -21"><span class='ocrx_word' id='word_1_96' title='bbox 254 2543 379 2608; x_wconf 84' lang='lat' dir='ltr'>frontis</span> <span class='ocrx_word' id='word_1_97' title='bbox 392 2542 568 2628; x_wconf 84' lang='lat' dir='ltr'>ferrugine</span> <span class='ocrx_word' id='word_1_98' title='bbox 583 2543 804 2627; x_wconf 76' lang='lat' dir='ltr'>obnubilanS,</span> <span class='ocrx_word' id='word_1_99' title='bbox 821 2545 982 2626; x_wconf 88' lang='lat' dir='ltr'>lacerum,</span> <span class='ocrx_word' id='word_1_100' title='bbox 1001 2543 1207 2610; x_wconf 88' lang='lat' dir='ltr'>macilentos</span> <span class='ocrx_word' id='word_1_101' title='bbox 1226 2545 1399 2629; x_wconf 85' lang='lat' dir='ltr'>lassosque</span> 
     </span>
    </p>

    <p class='ocr_par' dir='ltr' id='par_1_10' title="bbox 185 2667 1397 4259">
     <span class='ocr_line' id='line_1_16' title="bbox 190 2667 1397 2756; baseline 0 -21"><span class='ocrx_word' id='word_1_102' title='bbox 190 2670 231 2735; x_wconf 79' lang='lat'>15</span> <span class='ocrx_word' id='word_1_103' title='bbox 255 2690 360 2753; x_wconf 90' lang='lat' dir='ltr'>equos</span> <span class='ocrx_word' id='word_1_104' title='bbox 377 2690 514 2733; x_wconf 87' lang='lat' dir='ltr'>currum</span> <span class='ocrx_word' id='word_1_105' title='bbox 532 2667 707 2732; x_wconf 88' lang='lat' dir='ltr'>trahentes</span> <span class='ocrx_word' id='word_1_106' title='bbox 725 2668 920 2752; x_wconf 89' lang='lat' dir='ltr'>stimulans,</span> <span class='ocrx_word' id='word_1_107' title='bbox 938 2692 999 2756; x_wconf 90' lang='lat' dir='ltr'>per</span> <span class='ocrx_word' id='word_1_108' title='bbox 1015 2669 1211 2735; x_wconf 89' lang='lat' dir='ltr'>salictosam</span> <span class='ocrx_word' id='word_1_109' title='bbox 1229 2669 1397 2756; x_wconf 89' lang='lat' dir='ltr'>foedoque</span> 
     </span>
     <span class='ocr_line' id='line_1_17' title="bbox 254 2793 1159 2881; baseline 0 -23"><span class='ocrx_word' id='word_1_110' title='bbox 254 2793 337 2859; x_wconf 91' lang='lat' dir='ltr'>limo</span> <span class='ocrx_word' id='word_1_111' title='bbox 356 2801 551 2880; x_wconf 84' lang='lat' dir='ltr'>torpentem</span> <span class='ocrx_word' id='word_1_112' title='bbox 569 2793 730 2880; x_wconf 89' lang='lat' dir='ltr'>paludem</span> <span class='ocrx_word' id='word_1_113' title='bbox 750 2793 936 2880; x_wconf 85' lang='lat' dir='ltr'>pigerrime</span> <span class='ocrx_word' id='word_1_114' title='bbox 959 2795 1159 2881; x_wconf 87' lang='lat' dir='ltr'>procedens.</span> 
     </span>
     <span class='ocr_line' id='line_1_18' title="bbox 254 2919 1394 3007; baseline 0.001 -23"><span class='ocrx_word' id='word_1_115' title='bbox 254 2919 271 2965; x_wconf 82' lang='lat' dir='ltr'>‘l</span> <span class='ocrx_word' id='word_1_116' title='bbox 296 2919 474 2984; x_wconf 84' lang='lat' dir='ltr'>Tristitiae</span> <span class='ocrx_word' id='word_1_117' title='bbox 494 2925 666 3005; x_wconf 86' lang='lat' dir='ltr'>spectrum</span> <span class='ocrx_word' id='word_1_118' title='bbox 683 2925 746 3000; x_wconf 89' lang='lat' dir='ltr'>est,</span> <span class='ocrx_word' id='word_1_119' title='bbox 765 2919 919 2985; x_wconf 87' lang='lat' dir='ltr'>animum</span> <span class='ocrx_word' id='word_1_120' title='bbox 934 2943 1022 3005; x_wconf 89' lang='lat' dir='ltr'>quae</span> <span class='ocrx_word' id='word_1_121' title='bbox 1039 2920 1223 3005; x_wconf 83' lang='lat' dir='ltr'>concoquit</span> <span class='ocrx_word' id='word_1_122' title='bbox 1237 2942 1394 3007; x_wconf 85' lang='lat' dir='ltr'>aegrum,</span> 
     </span>
     <span class='ocr_line' id='line_1_19' title="bbox 253 3044 1107 3131; baseline 0.002 -23"><span class='ocrx_word' id='word_1_123' title='bbox 253 3044 369 3109; x_wconf 84' lang='lat' dir='ltr'>Anxia</span> <span class='ocrx_word' id='word_1_124' title='bbox 388 3052 554 3130; x_wconf 88' lang='lat' dir='ltr'>perpetua</span> <span class='ocrx_word' id='word_1_125' title='bbox 574 3066 719 3109; x_wconf 83' lang='lat' dir='ltr'>exurens</span> <span class='ocrx_word' id='word_1_126' title='bbox 738 3045 938 3131; x_wconf 85' lang='lat' dir='ltr'>praecordia</span> <span class='ocrx_word' id='word_1_127' title='bbox 956 3045 1107 3110; x_wconf 86' lang='lat' dir='ltr'>flamma.</span> 
     </span>
     <span class='ocr_line' id='line_1_20' title="bbox 254 3169 1261 3256; baseline 0.002 -23"><span class='ocrx_word' id='word_1_128' title='bbox 254 3169 447 3235; x_wconf 86' lang='lat' dir='ltr'>Sollicitam</span> <span class='ocrx_word' id='word_1_129' title='bbox 466 3169 666 3234; x_wconf 85' lang='lat' dir='ltr'>excrucians</span> <span class='ocrx_word' id='word_1_130' title='bbox 686 3176 836 3235; x_wconf 88' lang='lat' dir='ltr'>mentem</span> <span class='ocrx_word' id='word_1_131' title='bbox 856 3170 1071 3256; x_wconf 88' lang='lat' dir='ltr'>turbansque</span> <span class='ocrx_word' id='word_1_132' title='bbox 1092 3171 1261 3255; x_wconf 87' lang='lat' dir='ltr'>quietem,</span> 
     </span>
     <span class='ocr_line' id='line_1_21' title="bbox 187 3293 1143 3362; baseline 0 0"><span class='ocrx_word' id='word_1_133' title='bbox 187 3301 230 3362; x_wconf 82' lang='lat'>20</span> <span class='ocrx_word' id='word_1_134' title='bbox 253 3295 443 3360; x_wconf 86' lang='lat' dir='ltr'>Horrendis</span> <span class='ocrx_word' id='word_1_135' title='bbox 462 3295 617 3360; x_wconf 88' lang='lat' dir='ltr'>animum</span> <span class='ocrx_word' id='word_1_136' title='bbox 636 3296 818 3360; x_wconf 88' lang='lat' dir='ltr'>tenebrosa</span> <span class='ocrx_word' id='word_1_137' title='bbox 836 3293 981 3361; x_wconf 83' lang='lat' dir='ltr'>afflictat</span> <span class='ocrx_word' id='word_1_138' title='bbox 1001 3296 1038 3360; x_wconf 90' lang='lat' dir='ltr'>in</span> <span class='ocrx_word' id='word_1_139' title='bbox 1057 3296 1143 3362; x_wconf 91' lang='lat' dir='ltr'>hora</span> 
     </span>
     <span class='ocr_line' id='line_1_22' title="bbox 256 3421 1181 3507; baseline 0.001 -22"><span class='ocrx_word' id='word_1_140' title='bbox 256 3421 493 3505; x_wconf 87' lang='lat' dir='ltr'>Laemuribus,</span> <span class='ocrx_word' id='word_1_141' title='bbox 514 3443 663 3486; x_wconf 90' lang='lat' dir='ltr'>necnon</span> <span class='ocrx_word' id='word_1_142' title='bbox 682 3421 845 3507; x_wconf 83' lang='lat' dir='ltr'>vigilanti</span> <span class='ocrx_word' id='word_1_143' title='bbox 865 3421 999 3487; x_wconf 89' lang='lat' dir='ltr'>somnia</span> <span class='ocrx_word' id='word_1_144' title='bbox 1017 3421 1067 3487; x_wconf 88' lang='lat' dir='ltr'>sio</span> <span class='ocrx_word' id='word_1_145' title='bbox 1087 3429 1181 3505; x_wconf 89' lang='lat' dir='ltr'>sunt,</span> 
     </span>
     <span class='ocr_line' id='line_1_23' title="bbox 253 3548 1095 3633; baseline 0.002 -20"><span class='ocrx_word' id='word_1_146' title='bbox 253 3548 301 3613; x_wconf 89' lang='lat' dir='ltr'>Ut</span> <span class='ocrx_word' id='word_1_147' title='bbox 320 3548 451 3613; x_wconf 86' lang='lat' dir='ltr'>frustra</span> <span class='ocrx_word' id='word_1_148' title='bbox 469 3548 594 3614; x_wconf 88' lang='lat' dir='ltr'>Lethes</span> <span class='ocrx_word' id='word_1_149' title='bbox 614 3548 744 3613; x_wconf 87' lang='lat' dir='ltr'>oblivia</span> <span class='ocrx_word' id='word_1_150' title='bbox 764 3555 907 3633; x_wconf 86' lang='lat' dir='ltr'>quaerat</span> <span class='ocrx_word' id='word_1_151' title='bbox 923 3548 961 3613; x_wconf 91' lang='lat' dir='ltr'>in</span> <span class='ocrx_word' id='word_1_152' title='bbox 980 3548 1095 3630; x_wconf 89' lang='lat' dir='ltr'>undis;</span> 
     </span>
     <span class='ocr_line' id='line_1_24' title="bbox 253 3673 1147 3757; baseline 0.003 -21"><span class='ocrx_word' id='word_1_153' title='bbox 253 3673 337 3737; x_wconf 85' lang='lat' dir='ltr'>Tam</span> <span class='ocrx_word' id='word_1_154' title='bbox 355 3674 443 3738; x_wconf 91' lang='lat' dir='ltr'>male</span> <span class='ocrx_word' id='word_1_155' title='bbox 462 3673 625 3739; x_wconf 90' lang='lat' dir='ltr'>continuo</span> <span class='ocrx_word' id='word_1_156' title='bbox 645 3673 827 3738; x_wconf 88' lang='lat' dir='ltr'>tabescunt</span> <span class='ocrx_word' id='word_1_157' title='bbox 846 3674 999 3740; x_wconf 87' lang='lat' dir='ltr'>membra</span> <span class='ocrx_word' id='word_1_158' title='bbox 1018 3673 1147 3757; x_wconf 85' lang='lat' dir='ltr'>dolore,</span> 
     </span>
     <span class='ocr_line' id='line_1_25' title="bbox 252 3798 1139 3884; baseline 0.001 -22"><span class='ocrx_word' id='word_1_159' title='bbox 252 3799 338 3863; x_wconf 78' lang='lat' dir='ltr'>&#39;Fam</span> <span class='ocrx_word' id='word_1_160' title='bbox 357 3798 446 3862; x_wconf 88' lang='lat' dir='ltr'>male</span> <span class='ocrx_word' id='word_1_161' title='bbox 465 3798 655 3863; x_wconf 87' lang='lat' dir='ltr'>sollicitans</span> <span class='ocrx_word' id='word_1_162' title='bbox 673 3805 794 3884; x_wconf 89' lang='lat' dir='ltr'>pectus</span> <span class='ocrx_word' id='word_1_163' title='bbox 810 3798 906 3884; x_wconf 81' lang='lat' dir='ltr'>viget</span> <span class='ocrx_word' id='word_1_164' title='bbox 925 3799 1028 3864; x_wconf 84' lang='lat' dir='ltr'>anxia</span> <span class='ocrx_word' id='word_1_165' title='bbox 1049 3823 1139 3865; x_wconf 89' lang='lat' dir='ltr'>cura.</span> 
     </span>
     <span class='ocr_line' id='line_1_26' title="bbox 185 3921 1064 4010; baseline 0.001 -23"><span class='ocrx_word' id='word_1_166' title='bbox 185 3924 227 3987; x_wconf 76' lang='lat'>25</span> <span class='ocrx_word' id='word_1_167' title='bbox 252 3921 399 3986; x_wconf 89' lang='lat' dir='ltr'>Lumine</span> <span class='ocrx_word' id='word_1_168' title='bbox 417 3922 542 3987; x_wconf 88' lang='lat' dir='ltr'>vitales</span> <span class='ocrx_word' id='word_1_169' title='bbox 561 3922 642 3987; x_wconf 87' lang='lat' dir='ltr'>dum</span> <span class='ocrx_word' id='word_1_170' title='bbox 662 3945 756 3987; x_wconf 89' lang='lat' dir='ltr'>cassa</span> <span class='ocrx_word' id='word_1_171' title='bbox 779 3922 901 3988; x_wconf 84' lang='lat' dir='ltr'>favilla</span> <span class='ocrx_word' id='word_1_172' title='bbox 920 3945 1064 4010; x_wconf 86' lang='lat' dir='ltr'>vapores</span> 
     </span>
     <span class='ocr_line' id='line_1_27' title="bbox 253 4046 1033 4135; baseline 0.004 -25"><span class='ocrx_word' id='word_1_173' title='bbox 253 4046 388 4128; x_wconf 85' lang='lat' dir='ltr'>Sorbet,</span> <span class='ocrx_word' id='word_1_174' title='bbox 408 4047 520 4112; x_wconf 89' lang='lat' dir='ltr'>nativi</span> <span class='ocrx_word' id='word_1_175' title='bbox 540 4047 702 4112; x_wconf 88' lang='lat' dir='ltr'>atteritur</span> <span class='ocrx_word' id='word_1_176' title='bbox 721 4047 919 4135; x_wconf 86' lang='lat' dir='ltr'>spiraminis</span> <span class='ocrx_word' id='word_1_177' title='bbox 937 4048 1033 4114; x_wconf 87' lang='lat' dir='ltr'>intus</span> 
     </span>
     <span class='ocr_line' id='line_1_28' title="bbox 250 4171 1062 4259; baseline -0.001 -22"><span class='ocrx_word' id='word_1_178' title='bbox 250 4172 384 4255; x_wconf 87' lang='lat' dir='ltr'>Virtus,</span> <span class='ocrx_word' id='word_1_179' title='bbox 405 4171 618 4259; x_wconf 88' lang='lat' dir='ltr'>illabensque</span> <span class='ocrx_word' id='word_1_180' title='bbox 637 4171 766 4238; x_wconf 91' lang='lat' dir='ltr'>malum</span> <span class='ocrx_word' id='word_1_181' title='bbox 785 4179 939 4238; x_wconf 87' lang='lat' dir='ltr'>maturat</span> <span class='ocrx_word' id='word_1_182' title='bbox 957 4172 1062 4239; x_wconf 90' lang='lat' dir='ltr'>eundi</span> 
     </span>
    </p>
   </div>
   <div class='ocr_carea' id='block_1_7' title="bbox 249 4387 1391 4532">
    <p class='ocr_par' dir='ltr' id='par_1_11' title="bbox 249 4387 1391 4532">
     <span class='ocr_line' id='line_1_29' title="bbox 343 4387 1391 4455; baseline 0.007 -21"><span class='ocrx_word' id='word_1_183' title='bbox 343 4387 357 4434; x_wconf 74' lang='lat'><strong>7</strong></span> <span class='ocrx_word' id='word_1_184' title='bbox 375 4387 493 4437; x_wconf 77' lang='lat' dir='ltr'>infoelix</span> <span class='ocrx_word' id='word_1_185' title='bbox 508 4387 580 4452; x_wconf 77' lang='lat' dir='ltr'>(eic):</span> <span class='ocrx_word' id='word_1_186' title='bbox 589 4391 668 4451; x_wconf 69' lang='lat' dir='ltr'>sorae</span> <span class='ocrx_word' id='word_1_187' title='bbox 681 4387 780 4438; x_wconf 76' lang='lat' dir='ltr'>felix?</span> <span class='ocrx_word' id='word_1_188' title='bbox 828 4391 857 4438; x_wconf 83' lang='lat'>15</span> <span class='ocrx_word' id='word_1_189' title='bbox 873 4389 1014 4455; x_wconf 72' lang='lat' dir='ltr'>fretoque</span> <span class='ocrx_word' id='word_1_190' title='bbox 1064 4394 1094 4442; x_wconf 77' lang='lat'>21</span> <span class='ocrx_word' id='word_1_191' title='bbox 1111 4392 1300 4442; x_wconf 83' lang='lat' dir='ltr'>Laomuribus</span> <span class='ocrx_word' id='word_1_192' title='bbox 1316 4391 1374 4454; x_wconf 77' lang='lat' dir='ltr'>(sic)</span> <span class='ocrx_word' id='word_1_193' title='bbox 1384 4427 1391 4455; x_wconf 93' lang='lat'>,</span> 
     </span>
     <span class='ocr_line' id='line_1_30' title="bbox 249 4465 893 4532; baseline 0.005 -16"><span class='ocrx_word' id='word_1_194' title='bbox 249 4466 281 4516; x_wconf 71' lang='lat' dir='ltr'>ab</span> <span class='ocrx_word' id='word_1_195' title='bbox 293 4465 414 4516; x_wconf 81' lang='lat' dir='ltr'>abbiamo</span> <span class='ocrx_word' id='word_1_196' title='bbox 429 4474 503 4517; x_wconf 71' lang='lat' dir='ltr'>orato</span> <span class='ocrx_word' id='word_1_197' title='bbox 514 4468 650 4518; x_wconf 76' lang='lat' dir='ltr'>restitcirc</span> <span class='ocrx_word' id='word_1_198' title='bbox 663 4467 709 4532; x_wconf 80' lang='lat' dir='ltr'>qul</span> <span class='ocrx_word' id='word_1_199' title='bbox 722 4469 893 4520; x_wconf 59' lang='lat' dir='ltr'>Lemuribus</span> 
     </span>
    </p>
   </div>
   <div class='ocr_carea' id='block_1_8' title="bbox 0 0 1700 5122">
    <p class='ocr_par' dir='ltr' id='par_1_12' title="bbox 0 0 1700 5122">
     <span class='ocr_line' id='line_1_31' title="bbox 0 0 1700 5122; baseline 0 0"><span class='ocrx_word' id='word_1_200' title='bbox 0 0 1700 5122; x_wconf 95' lang='lat' dir='ltr'> </span> 
     </span>
    </p>
   </div>
  </div>
 </body>
</html>
