3390 5122
551 435 744 481 Assnlrrorvn
765 434 970 496 emensum,
992 432 1025 478 11.

351 592 390 657 Ε.
410 591 615 678 Intelligere

350 717 389 781 F.
410 717 555 804 Opinari

351 841 392 906 G.
413 843 578 928 Ignorare

350 967 394 1031 H.
414 966 586 1032 Dubitare

352 1092 377 1155 I.
410 1091 613 1158 Consentire

351 1216 395 1280 K.
415 1216 608 1282 Dissentire

351 1340 388 1404 L.
409 1340 592 1406 Affirmare

351 1466 396 1530 Μ.
413 1465 549 1551 Negare

350 1589 391 1654 N.
415 1591 543 1656 Verum
563 1613 635 1656 esse

350 1715 389 1781 Ο.
413 1717 553 1783 Falsum
573 1740 645 1782 csse

349 1845 386 1908 P.
412 1844 581 1920 Quaerere

349 1969 388 2046 Q.
409 1970 629 2056 Respondere

350 2095 391 2159 R.
412 2094 581 2183 Apertum
601 2117 674 2160 esse

351 2217 384 2284 S.
410 2217 591 2285 Occultum
610 2240 683 2284 esse

350 2344 387 2408 T.
407 2344 564 2410 Firmum
583 2367 655 2409 esse
674 2367 733 2409 seu
754 2351 885 2410 certum

350 2468 390 2533 V.
414 2469 568 2535 Dubium
592 2470 647 2534 vel
665 2469 837 2534 incertum

349 2594 395 2658 X.
415 2594 581 2681 Exemplo
600 2616 660 2659 seu
679 2593 908 2659 similitudine
927 2592 1184 2658 manifestabile

348 2720 384 2785 Z.
409 2719 552 2786 Rationi
583 2727 863 2800 consentaneum,
888 2740 948 2783 seu
976 2726 1069 2783 certa
1103 2717 1236 2782 ratione
1271 2718 1360 2782 affir-

216 2849 335 2914 mandi

149 2973 193 3036 20
349 2976 388 3040 l.
413 2973 651 3040 Necessarium

351 3100 385 3164 B.
411 3098 580 3165 Possibile

348 3225 381 3290 Γ.
407 3222 625 3289 Conveniens

348 3350 382 3413 Δ.
408 3348 617 3414 Absurdum.

304 3473 399 3539 Haec
417 3479 511 3555 sunt,
532 3495 620 3558 quae
639 3471 786 3559 quilibet
808 3473 908 3540 modo
932 3496 993 3539 suo
1015 3481 1174 3559 certaque
1190 3472 1361 3539 industria

150 3596 193 3658 ‘25
216 3598 327 3663 literis
351 3598 515 3686 propriis,
540 3604 579 3663 ut
606 3597 674 3684 ipsi
702 3597 840 3665 videtur
868 3599 1173 3684 accommodatius,
1200 3598 1361 3665 ascribat.

218 3722 363 3789 Omnem
379 3723 507 3790 etenim
523 3722 678 3789 ordinem
697 3724 869 3810 suscipere
887 3733 1032 3812 possunt
1046 3749 1086 3791 ac
1101 3726 1228 3791 debent
1243 3724 1361 3812 potius

218 3877 321 3941 quam
339 3855 457 3938 istum;
474 3855 557 3921 licet
573 3863 607 3921 et
628 3857 632 3944 Ι
654 3857 718 3922 iste
735 3879 805 3922 non
821 3857 867 3922 sit
880 3858 1142 3942 inconveniens,
1156 3858 1359 3947 praesertim
1385 3866 1482 3929 109
1498 3866 1543 3928 F

216 4003 256 4046 ea
274 3980 409 4046 ratione
429 4003 497 4067 qua
517 3992 627 4048 artem
644 3982 822 4069 patefacit.

311 4244 392 4293 18.19
408 4242 606 4294 affirmandum
619 4259 744 4310 correqye
761 4245 785 4295 0
