<?xml version="1.0" encoding="UTF-8"?>
<!DOCTYPE html PUBLIC "-//W3C//DTD XHTML 1.0 Transitional//EN"
    "http://www.w3.org/TR/xhtml1/DTD/xhtml1-transitional.dtd">
<html xmlns="http://www.w3.org/1999/xhtml" xml:lang="en" lang="en">
 <head>
  <title>
</title>
<meta http-equiv="Content-Type" content="text/html;charset=utf-8" />
  <meta name='ocr-system' content='tesseract 3.04.00' />
  <meta name='ocr-capabilities' content='ocr_page ocr_carea ocr_par ocr_line ocrx_word'/>
</head>
<body>
  <div class='ocr_page' id='page_1' title='image "./jordanibruninol00brungoog_0355.png"; bbox 0 0 3390 5122; ppageno 0'>
   <div class='ocr_carea' id='block_1_1' title="bbox 221 401 922 462">
    <p class='ocr_par' dir='ltr' id='par_1_1' title="bbox 221 401 922 462">
     <span class='ocr_line' id='line_1_1' title="bbox 221 401 922 462; baseline 0 -2"><span class='ocrx_word' id='word_1_1' title='bbox 221 401 282 460; x_wconf 85' lang='grc'>340</span> <span class='ocrx_word' id='word_1_2' title='bbox 660 416 798 462; x_wconf 79' lang='lat' dir='ltr'>mamni</span> <span class='ocrx_word' id='word_1_3' title='bbox 820 415 922 460; x_wconf 85' lang='lat' dir='ltr'>aavu1</span> 
     </span>
    </p>
   </div>
   <div class='ocr_carea' id='block_1_2' title="bbox 158 570 1551 4145">
    <p class='ocr_par' dir='ltr' id='par_1_2' title="bbox 221 570 1386 659">
     <span class='ocr_line' id='line_1_2' title="bbox 221 570 1386 659; baseline 0 -22"><span class='ocrx_word' id='word_1_4' title='bbox 221 594 280 638; x_wconf 90' lang='lat' dir='ltr'>seu</span> <span class='ocrx_word' id='word_1_5' title='bbox 295 570 611 659; x_wconf 88' lang='lat' dir='ltr'>praetermittenda.</span> <span class='ocrx_word' id='word_1_6' title='bbox 629 570 750 636; x_wconf 90' lang='lat' dir='ltr'>Omnis</span> <span class='ocrx_word' id='word_1_7' title='bbox 764 571 856 635; x_wconf 90' lang='lat' dir='ltr'>euim</span> <span class='ocrx_word' id='word_1_8' title='bbox 874 570 1082 636; x_wconf 90' lang='lat' dir='ltr'>consultatio</span> <span class='ocrx_word' id='word_1_9' title='bbox 1097 577 1262 637; x_wconf 87' lang='lat' dir='ltr'>versatur</span> <span class='ocrx_word' id='word_1_10' title='bbox 1278 571 1386 637; x_wconf 88' lang='lat' dir='ltr'>circa</span> 
     </span>
    </p>

    <p class='ocr_par' dir='ltr' id='par_1_3' title="bbox 221 694 1387 783">
     <span class='ocr_line' id='line_1_3' title="bbox 221 694 1387 783; baseline 0.001 -22"><span class='ocrx_word' id='word_1_11' title='bbox 221 695 380 783; x_wconf 85' lang='lat' dir='ltr'>eligenda</span> <span class='ocrx_word' id='word_1_12' title='bbox 399 696 453 761; x_wconf 92' lang='lat' dir='ltr'>vel</span> <span class='ocrx_word' id='word_1_13' title='bbox 466 695 694 782; x_wconf 85' lang='lat' dir='ltr'>reprobanda,</span> <span class='ocrx_word' id='word_1_14' title='bbox 710 694 868 762; x_wconf 86' lang='lat' dir='ltr'>facienda</span> <span class='ocrx_word' id='word_1_15' title='bbox 884 704 919 761; x_wconf 92' lang='lat' dir='ltr'>et</span> <span class='ocrx_word' id='word_1_16' title='bbox 937 694 1258 782; x_wconf 89' lang='lat' dir='ltr'>praetermittenda.</span> <span class='ocrx_word' id='word_1_17' title='bbox 1272 695 1387 762; x_wconf 85' lang='lat' dir='ltr'>Haec</span> 
     </span>
    </p>

    <p class='ocr_par' dir='ltr' id='par_1_4' title="bbox 222 820 1384 909">
     <span class='ocr_line' id='line_1_4' title="bbox 222 820 1384 909; baseline -0.003 -20"><span class='ocrx_word' id='word_1_18' title='bbox 222 823 337 889; x_wconf 89' lang='lat' dir='ltr'>omnia</span> <span class='ocrx_word' id='word_1_19' title='bbox 364 822 554 909; x_wconf 87' lang='lat' dir='ltr'>respiciunt</span> <span class='ocrx_word' id='word_1_20' title='bbox 577 820 723 887; x_wconf 81' lang='lat' dir='ltr'><strong>subinde</strong></span> <span class='ocrx_word' id='word_1_21' title='bbox 753 820 796 885; x_wconf 91' lang='lat' dir='ltr'>ad</span> <span class='ocrx_word' id='word_1_22' title='bbox 820 827 967 908; x_wconf 90' lang='lat' dir='ltr'>septem:</span> <span class='ocrx_word' id='word_1_23' title='bbox 991 820 1153 886; x_wconf 86' lang='lat' dir='ltr'>videlicet</span> <span class='ocrx_word' id='word_1_24' title='bbox 1178 822 1205 885; x_wconf 93' lang='grc'>1.</span> <span class='ocrx_word' id='word_1_25' title='bbox 1233 820 1384 887; x_wconf 88' lang='lat' dir='ltr'>iustum</span> 
     </span>
    </p>

    <p class='ocr_par' dir='ltr' id='par_1_5' title="bbox 179 944 1544 1157">
     <span class='ocr_line' id='line_1_5' title="bbox 223 944 1544 1033; baseline -0.005 -20"><span class='ocrx_word' id='word_1_26' title='bbox 223 955 257 1013; x_wconf 88' lang='lat' dir='ltr'>et</span> <span class='ocrx_word' id='word_1_27' title='bbox 276 948 457 1030; x_wconf 88' lang='lat' dir='ltr'>iniustum,</span> <span class='ocrx_word' id='word_1_28' title='bbox 476 947 507 1011; x_wconf 83' lang='lat'>2.</span> <span class='ocrx_word' id='word_1_29' title='bbox 526 946 722 1032; x_wconf 89' lang='lat' dir='ltr'>legitimum</span> <span class='ocrx_word' id='word_1_30' title='bbox 746 952 781 1010; x_wconf 93' lang='lat' dir='ltr'>et</span> <span class='ocrx_word' id='word_1_31' title='bbox 804 945 1042 1033; x_wconf 89' lang='lat' dir='ltr'>illegitimum,</span> <span class='ocrx_word' id='word_1_32' title='bbox 1067 947 1097 1010; x_wconf 84' lang='lat'>3.</span> <span class='ocrx_word' id='word_1_33' title='bbox 1121 946 1207 1011; x_wconf 90' lang='lat' dir='ltr'>utile</span> <span class='ocrx_word' id='word_1_34' title='bbox 1232 952 1268 1010; x_wconf 90' lang='lat' dir='ltr'>et</span> <span class='ocrx_word' id='word_1_35' title='bbox 1296 945 1383 1010; x_wconf 91' lang='lat' dir='ltr'>inu·</span> <span class='ocrx_word' id='word_1_36' title='bbox 1410 945 1488 1009; x_wconf 90' lang='lat'>30</span> <span class='ocrx_word' id='word_1_37' title='bbox 1502 944 1544 1006; x_wconf 84' lang='lat' dir='ltr'>F</span> 
     </span>
     <span class='ocr_line' id='line_1_6' title="bbox 179 1070 1383 1157; baseline -0.004 -15"><span class='ocrx_word' id='word_1_38' title='bbox 179 1079 200 1142; x_wconf 78' lang='grc' dir='ltr'>ὃ</span> <span class='ocrx_word' id='word_1_39' title='bbox 223 1074 295 1157; x_wconf 87' lang='lat' dir='ltr'>tile,</span> <span class='ocrx_word' id='word_1_40' title='bbox 315 1074 346 1137; x_wconf 90' lang='lat'>4.</span> <span class='ocrx_word' id='word_1_41' title='bbox 369 1071 551 1138; x_wconf 90' lang='lat' dir='ltr'>honestum</span> <span class='ocrx_word' id='word_1_42' title='bbox 575 1077 609 1136; x_wconf 91' lang='lat' dir='ltr'>et</span> <span class='ocrx_word' id='word_1_43' title='bbox 632 1070 866 1154; x_wconf 87' lang='lat' dir='ltr'>inhonestum,</span> <span class='ocrx_word' id='word_1_44' title='bbox 891 1071 921 1135; x_wconf 79' lang='lat'>5.</span> <span class='ocrx_word' id='word_1_45' title='bbox 941 1071 1131 1137; x_wconf 88' lang='lat' dir='ltr'>iucundum</span> <span class='ocrx_word' id='word_1_46' title='bbox 1150 1077 1185 1136; x_wconf 90' lang='lat' dir='ltr'>et</span> <span class='ocrx_word' id='word_1_47' title='bbox 1203 1071 1383 1137; x_wconf 90' lang='lat' dir='ltr'>iniucun-</span> 
     </span>
    </p>

    <p class='ocr_par' dir='ltr' id='par_1_6' title="bbox 223 1195 1383 1282">
     <span class='ocr_line' id='line_1_7' title="bbox 223 1195 1383 1282; baseline -0.001 -18"><span class='ocrx_word' id='word_1_48' title='bbox 223 1198 317 1281; x_wconf 87' lang='lat' dir='ltr'><strong>dum,</strong></span> <span class='ocrx_word' id='word_1_49' title='bbox 337 1198 367 1262; x_wconf 88' lang='lat'>6.</span> <span class='ocrx_word' id='word_1_50' title='bbox 386 1197 487 1263; x_wconf 85' lang='lat' dir='ltr'>facile</span> <span class='ocrx_word' id='word_1_51' title='bbox 502 1204 537 1263; x_wconf 89' lang='lat' dir='ltr'>et</span> <span class='ocrx_word' id='word_1_52' title='bbox 552 1195 708 1282; x_wconf 87' lang='lat' dir='ltr'>difficile,</span> <span class='ocrx_word' id='word_1_53' title='bbox 732 1197 761 1261; x_wconf 80' lang='lat'>7.</span> <span class='ocrx_word' id='word_1_54' title='bbox 785 1195 1014 1262; x_wconf 90' lang='lat' dir='ltr'>necessarium</span> <span class='ocrx_word' id='word_1_55' title='bbox 1034 1201 1068 1260; x_wconf 93' lang='lat' dir='ltr'>et</span> <span class='ocrx_word' id='word_1_56' title='bbox 1086 1195 1244 1262; x_wconf 89' lang='lat' dir='ltr'>liberum.</span> <span class='ocrx_word' id='word_1_57' title='bbox 1266 1195 1383 1263; x_wconf 85' lang='lat' dir='ltr'>Circa</span> 
     </span>
    </p>

    <p class='ocr_par' dir='ltr' id='par_1_7' title="bbox 222 1321 1012 1390">
     <span class='ocr_line' id='line_1_8' title="bbox 222 1321 1012 1390; baseline -0.004 -1"><span class='ocrx_word' id='word_1_58' title='bbox 222 1323 438 1390; x_wconf 88' lang='lat' dir='ltr'>haecomnia</span> <span class='ocrx_word' id='word_1_59' title='bbox 457 1328 615 1388; x_wconf 87' lang='lat' dir='ltr'>versatur</span> <span class='ocrx_word' id='word_1_60' title='bbox 638 1322 752 1388; x_wconf 82' lang='lat' dir='ltr'>suasio</span> <span class='ocrx_word' id='word_1_61' title='bbox 776 1328 811 1387; x_wconf 90' lang='lat' dir='ltr'>et</span> <span class='ocrx_word' id='word_1_62' title='bbox 834 1321 1012 1388; x_wconf 83' lang='lat' dir='ltr'>dissuasio.</span> 
     </span>
    </p>

    <p class='ocr_par' dir='ltr' id='par_1_8' title="bbox 222 1445 1383 1659">
     <span class='ocr_line' id='line_1_9' title="bbox 311 1445 1382 1533; baseline 0.001 -21"><span class='ocrx_word' id='word_1_63' title='bbox 311 1448 446 1514; x_wconf 89' lang='lat' dir='ltr'>Iustum</span> <span class='ocrx_word' id='word_1_64' title='bbox 464 1454 499 1513; x_wconf 93' lang='lat' dir='ltr'>et</span> <span class='ocrx_word' id='word_1_65' title='bbox 518 1447 686 1513; x_wconf 90' lang='lat' dir='ltr'>iniustum</span> <span class='ocrx_word' id='word_1_66' title='bbox 704 1446 932 1533; x_wconf 80' lang='lat' dir='ltr'>perpenditur</span> <span class='ocrx_word' id='word_1_67' title='bbox 950 1445 1138 1512; x_wconf 87' lang='lat' dir='ltr'>secundum</span> <span class='ocrx_word' id='word_1_68' title='bbox 1157 1446 1243 1512; x_wconf 88' lang='lat' dir='ltr'>iuris</span> <span class='ocrx_word' id='word_1_69' title='bbox 1263 1469 1382 1513; x_wconf 90' lang='lat' dir='ltr'>mem-</span> 
     </span>
     <span class='ocr_line' id='line_1_10' title="bbox 222 1572 1383 1659; baseline 0.002 -21"><span class='ocrx_word' id='word_1_70' title='bbox 222 1572 295 1638; x_wconf 88' lang='lat' dir='ltr'>bra.</span> <span class='ocrx_word' id='word_1_71' title='bbox 319 1573 381 1639; x_wconf 83' lang='lat' dir='ltr'>Est</span> <span class='ocrx_word' id='word_1_72' title='bbox 404 1573 496 1638; x_wconf 91' lang='lat' dir='ltr'>enim</span> <span class='ocrx_word' id='word_1_73' title='bbox 520 1573 574 1638; x_wconf 91' lang='lat' dir='ltr'>ius</span> <span class='ocrx_word' id='word_1_74' title='bbox 597 1572 770 1655; x_wconf 90' lang='lat' dir='ltr'>naturale,</span> <span class='ocrx_word' id='word_1_75' title='bbox 795 1573 849 1638; x_wconf 90' lang='lat' dir='ltr'>ius</span> <span class='ocrx_word' id='word_1_76' title='bbox 872 1572 1031 1659; x_wconf 86' lang='lat' dir='ltr'>gentium</span> <span class='ocrx_word' id='word_1_77' title='bbox 1055 1578 1090 1637; x_wconf 90' lang='lat' dir='ltr'>et</span> <span class='ocrx_word' id='word_1_78' title='bbox 1109 1572 1163 1638; x_wconf 91' lang='lat' dir='ltr'>ius</span> <span class='ocrx_word' id='word_1_79' title='bbox 1187 1581 1383 1640; x_wconf 91' lang='lat' dir='ltr'>consuetu-</span> 
     </span>
    </p>

    <p class='ocr_par' dir='ltr' id='par_1_9' title="bbox 160 1696 1328 1785">
     <span class='ocr_line' id='line_1_11' title="bbox 160 1696 1328 1785; baseline 0.001 -22"><span class='ocrx_word' id='word_1_80' title='bbox 160 1701 201 1763; x_wconf 89' lang='lat'>10</span> <span class='ocrx_word' id='word_1_81' title='bbox 224 1697 315 1763; x_wconf 91' lang='lat' dir='ltr'>dinis</span> <span class='ocrx_word' id='word_1_82' title='bbox 330 1697 470 1784; x_wconf 88' lang='lat' dir='ltr'>quidem</span> <span class='ocrx_word' id='word_1_83' title='bbox 494 1698 622 1784; x_wconf 76' lang='lat' dir='ltr'>triplex</span> <span class='ocrx_word' id='word_1_84' title='bbox 646 1696 700 1764; x_wconf 91' lang='lat' dir='ltr'>ius</span> <span class='ocrx_word' id='word_1_85' title='bbox 724 1697 806 1762; x_wconf 86' lang='lat' dir='ltr'>Lex</span> <span class='ocrx_word' id='word_1_86' title='bbox 829 1719 908 1763; x_wconf 91' lang='lat' dir='ltr'>non</span> <span class='ocrx_word' id='word_1_87' title='bbox 932 1697 1091 1785; x_wconf 91' lang='lat' dir='ltr'>scripta</span> <span class='ocrx_word' id='word_1_88' title='bbox 1115 1697 1328 1784; x_wconf 88' lang='lat' dir='ltr'>appellatur.</span> 
     </span>
    </p>

    <p class='ocr_par' dir='ltr' id='par_1_10' title="bbox 223 1822 1380 2285">
     <span class='ocr_line' id='line_1_12' title="bbox 303 1822 1380 1909; baseline -0.002 -17"><span class='ocrx_word' id='word_1_89' title='bbox 303 1822 523 1909; x_wconf 77' lang='lat' dir='ltr'>,Legitimum</span> <span class='ocrx_word' id='word_1_90' title='bbox 551 1822 619 1889; x_wconf 90' lang='lat' dir='ltr'>tria</span> <span class='ocrx_word' id='word_1_91' title='bbox 648 1823 802 1888; x_wconf 90' lang='lat' dir='ltr'>membra</span> <span class='ocrx_word' id='word_1_92' title='bbox 835 1844 971 1908; x_wconf 92' lang='lat' dir='ltr'>quoque</span> <span class='ocrx_word' id='word_1_93' title='bbox 1002 1822 1242 1908; x_wconf 72' lang='lat' dir='ltr'>complectitur</span> <span class='ocrx_word' id='word_1_94' title='bbox 1269 1823 1380 1890; x_wconf 84' lang='lat' dir='ltr'>iuxta</span> 
     </span>
     <span class='ocr_line' id='line_1_13' title="bbox 223 1946 1377 2036; baseline 0.002 -23"><span class='ocrx_word' id='word_1_95' title='bbox 223 1948 396 2036; x_wconf 86' lang='lat' dir='ltr'>triplicem</span> <span class='ocrx_word' id='word_1_96' title='bbox 421 1948 548 2035; x_wconf 87' lang='lat' dir='ltr'>legem:</span> <span class='ocrx_word' id='word_1_97' title='bbox 578 1948 749 2031; x_wconf 82' lang='lat' dir='ltr'>divinam,</span> <span class='ocrx_word' id='word_1_98' title='bbox 777 1947 965 2014; x_wconf 80' lang='lat' dir='ltr'><strong>humanam</strong></span> <span class='ocrx_word' id='word_1_99' title='bbox 996 1954 1097 2033; x_wconf 87' lang='lat' dir='ltr'>(quae</span> <span class='ocrx_word' id='word_1_100' title='bbox 1128 1946 1302 2013; x_wconf 87' lang='lat' dir='ltr'>dividitur</span> <span class='ocrx_word' id='word_1_101' title='bbox 1337 1949 1377 2015; x_wconf 89' lang='lat' dir='ltr'>in</span> 
     </span>
     <span class='ocr_line' id='line_1_14' title="bbox 224 2072 1377 2159; baseline 0.003 -20"><span class='ocrx_word' id='word_1_102' title='bbox 224 2073 385 2155; x_wconf 88' lang='lat' dir='ltr'>ethicam,</span> <span class='ocrx_word' id='word_1_103' title='bbox 414 2072 594 2159; x_wconf 89' lang='lat' dir='ltr'>politicam</span> <span class='ocrx_word' id='word_1_104' title='bbox 618 2080 652 2137; x_wconf 92' lang='lat' dir='ltr'>et</span> <span class='ocrx_word' id='word_1_105' title='bbox 680 2074 947 2156; x_wconf 90' lang='lat' dir='ltr'>oeconomicam)</span> <span class='ocrx_word' id='word_1_106' title='bbox 976 2079 1011 2138; x_wconf 90' lang='lat' dir='ltr'>et</span> <span class='ocrx_word' id='word_1_107' title='bbox 1038 2072 1148 2159; x_wconf 89' lang='lat' dir='ltr'>pacti,</span> <span class='ocrx_word' id='word_1_108' title='bbox 1178 2074 1377 2141; x_wconf 89' lang='lat' dir='ltr'>secundum</span> 
     </span>
     <span class='ocr_line' id='line_1_15' title="bbox 224 2197 1378 2285; baseline 0.001 -20"><span class='ocrx_word' id='word_1_109' title='bbox 224 2222 312 2285; x_wconf 88' lang='lat' dir='ltr'>quae</span> <span class='ocrx_word' id='word_1_110' title='bbox 327 2198 480 2264; x_wconf 90' lang='lat' dir='ltr'>membra</span> <span class='ocrx_word' id='word_1_111' title='bbox 500 2198 580 2264; x_wconf 84' lang='lat' dir='ltr'>Lex</span> <span class='ocrx_word' id='word_1_112' title='bbox 603 2197 757 2285; x_wconf 88' lang='lat' dir='ltr'>scripta</span> <span class='ocrx_word' id='word_1_113' title='bbox 781 2197 1023 2264; x_wconf 84' lang='lat' dir='ltr'>subdividitur.</span> <span class='ocrx_word' id='word_1_114' title='bbox 1043 2198 1100 2263; x_wconf 87' lang='lat' dir='ltr'>Sic</span> <span class='ocrx_word' id='word_1_115' title='bbox 1117 2198 1319 2285; x_wconf 88' lang='lat' dir='ltr'>legitimum</span> <span class='ocrx_word' id='word_1_116' title='bbox 1341 2209 1378 2266; x_wconf 89' lang='lat' dir='ltr'>et</span> 
     </span>
    </p>

    <p class='ocr_par' dir='ltr' id='par_1_11' title="bbox 158 2322 553 2395">
     <span class='ocr_line' id='line_1_16' title="bbox 158 2322 553 2395; baseline -0.02 0"><span class='ocrx_word' id='word_1_117' title='bbox 158 2331 200 2395; x_wconf 79' lang='lat'>15</span> <span class='ocrx_word' id='word_1_118' title='bbox 224 2322 355 2390; x_wconf 90' lang='lat' dir='ltr'>iustum</span> <span class='ocrx_word' id='word_1_119' title='bbox 377 2323 553 2389; x_wconf 84' lang='lat' dir='ltr'>differunt.</span> 
     </span>
    </p>

    <p class='ocr_par' dir='ltr' id='par_1_12' title="bbox 224 2449 1551 2913">
     <span class='ocr_line' id='line_1_17' title="bbox 308 2449 1378 2537; baseline -0.003 -17"><span class='ocrx_word' id='word_1_120' title='bbox 308 2451 403 2520; x_wconf 83' lang='lat' dir='ltr'>Utile</span> <span class='ocrx_word' id='word_1_121' title='bbox 415 2451 512 2517; x_wconf 87' lang='lat' dir='ltr'>iuxta</span> <span class='ocrx_word' id='word_1_122' title='bbox 524 2459 672 2536; x_wconf 87' lang='lat' dir='ltr'>quatuor</span> <span class='ocrx_word' id='word_1_123' title='bbox 682 2449 797 2537; x_wconf 87' lang='lat' dir='ltr'>capita</span> <span class='ocrx_word' id='word_1_124' title='bbox 807 2449 1203 2537; x_wconf 79' lang='lat' dir='ltr'>perpenditurPrimum</span> <span class='ocrx_word' id='word_1_125' title='bbox 1215 2456 1267 2515; x_wconf 87' lang='lat' dir='ltr'>est</span> <span class='ocrx_word' id='word_1_126' title='bbox 1277 2449 1378 2518; x_wconf 91' lang='lat' dir='ltr'>circa</span> 
     </span>
     <span class='ocr_line' id='line_1_18' title="bbox 225 2573 1379 2663; baseline -0.002 -20"><span class='ocrx_word' id='word_1_127' title='bbox 225 2576 458 2643; x_wconf 88' lang='lat' dir='ltr'>conservanda</span> <span class='ocrx_word' id='word_1_128' title='bbox 480 2575 677 2663; x_wconf 83' lang='lat' dir='ltr'>praesentia</span> <span class='ocrx_word' id='word_1_129' title='bbox 696 2575 768 2641; x_wconf 90' lang='lat' dir='ltr'>sive</span> <span class='ocrx_word' id='word_1_130' title='bbox 787 2575 970 2656; x_wconf 85' lang='lat' dir='ltr'>instantia,</span> <span class='ocrx_word' id='word_1_131' title='bbox 989 2575 1020 2639; x_wconf 93' lang='grc'><strong>2.</strong></span> <span class='ocrx_word' id='word_1_132' title='bbox 1040 2574 1131 2641; x_wconf 91' lang='lat' dir='ltr'>circa</span> <span class='ocrx_word' id='word_1_133' title='bbox 1147 2573 1379 2661; x_wconf 83' lang='lat' dir='ltr'>adipiscenda</span> 
     </span>
     <span class='ocr_line' id='line_1_19' title="bbox 224 2699 1535 2784; baseline 0 -17"><span class='ocrx_word' id='word_1_134' title='bbox 224 2700 342 2767; x_wconf 87' lang='lat' dir='ltr'>futura</span> <span class='ocrx_word' id='word_1_135' title='bbox 358 2711 393 2767; x_wconf 90' lang='lat' dir='ltr'>et</span> <span class='ocrx_word' id='word_1_136' title='bbox 409 2700 567 2767; x_wconf 86' lang='lat' dir='ltr'>absentia</span> <span class='ocrx_word' id='word_1_137' title='bbox 598 2700 775 2765; x_wconf 90' lang='lat' dir='ltr'>commoda</span> <span class='ocrx_word' id='word_1_138' title='bbox 805 2709 839 2765; x_wconf 91' lang='lat' dir='ltr'>et</span> <span class='ocrx_word' id='word_1_139' title='bbox 867 2701 970 2783; x_wconf 86' lang='lat' dir='ltr'>bona,</span> <span class='ocrx_word' id='word_1_140' title='bbox 996 2701 1025 2764; x_wconf 83' lang='lat'>3.</span> <span class='ocrx_word' id='word_1_141' title='bbox 1046 2699 1136 2765; x_wconf 86' lang='lat' dir='ltr'>circa</span> <span class='ocrx_word' id='word_1_142' title='bbox 1156 2700 1160 2784; x_wconf 70' lang='lat' dir='ltr'>l</span> <span class='ocrx_word' id='word_1_143' title='bbox 1182 2701 1379 2767; x_wconf 81' lang='lat' dir='ltr'>avertenda</span> <span class='ocrx_word' id='word_1_144' title='bbox 1412 2713 1479 2776; x_wconf 87' lang='lat'>31</span> <span class='ocrx_word' id='word_1_145' title='bbox 1494 2713 1535 2776; x_wconf 81' lang='lat' dir='ltr'>F</span> 
     </span>
     <span class='ocr_line' id='line_1_20' title="bbox 225 2826 1551 2913; baseline 0.002 -22"><span class='ocrx_word' id='word_1_146' title='bbox 225 2828 314 2893; x_wconf 91' lang='lat' dir='ltr'>mala</span> <span class='ocrx_word' id='word_1_147' title='bbox 338 2850 426 2913; x_wconf 91' lang='lat' dir='ltr'>quae</span> <span class='ocrx_word' id='word_1_148' title='bbox 445 2834 525 2893; x_wconf 89' lang='lat' dir='ltr'>sunt</span> <span class='ocrx_word' id='word_1_149' title='bbox 549 2828 745 2913; x_wconf 88' lang='lat' dir='ltr'>praesentia</span> <span class='ocrx_word' id='word_1_150' title='bbox 761 2828 832 2891; x_wconf 89' lang='lat' dir='ltr'>sive</span> <span class='ocrx_word' id='word_1_151' title='bbox 849 2826 1031 2908; x_wconf 82' lang='lat' dir='ltr'>instantia,</span> <span class='ocrx_word' id='word_1_152' title='bbox 1054 2829 1058 2910; x_wconf 71' lang='lat' dir='ltr'>l</span> <span class='ocrx_word' id='word_1_153' title='bbox 1078 2827 1108 2890; x_wconf 78' lang='lat'>4.</span> <span class='ocrx_word' id='word_1_154' title='bbox 1122 2827 1212 2892; x_wconf 91' lang='lat' dir='ltr'>circa</span> <span class='ocrx_word' id='word_1_155' title='bbox 1230 2849 1378 2913; x_wconf 89' lang='lat' dir='ltr'>praeca-</span> <span class='ocrx_word' id='word_1_156' title='bbox 1410 2837 1551 2903; x_wconf 70' lang='lat'>1276</span> 
     </span>
    </p>

    <p class='ocr_par' dir='ltr' id='par_1_13' title="bbox 158 2951 1376 3037">
     <span class='ocr_line' id='line_1_21' title="bbox 158 2951 1376 3037; baseline 0.002 -21"><span class='ocrx_word' id='word_1_157' title='bbox 158 2953 203 3016; x_wconf 91' lang='grc'>20</span> <span class='ocrx_word' id='word_1_158' title='bbox 224 2951 375 3017; x_wconf 87' lang='lat' dir='ltr'>vendum</span> <span class='ocrx_word' id='word_1_159' title='bbox 399 2975 419 3016; x_wconf 90' lang='lat' dir='ltr'>a</span> <span class='ocrx_word' id='word_1_160' title='bbox 442 2951 569 3017; x_wconf 85' lang='lat' dir='ltr'>futuris</span> <span class='ocrx_word' id='word_1_161' title='bbox 596 2952 927 3037; x_wconf 87' lang='lat' dir='ltr'>imminentibusque</span> <span class='ocrx_word' id='word_1_162' title='bbox 950 2951 1050 3016; x_wconf 89' lang='lat' dir='ltr'>malis</span> <span class='ocrx_word' id='word_1_163' title='bbox 1074 2958 1109 3015; x_wconf 90' lang='lat' dir='ltr'>et</span> <span class='ocrx_word' id='word_1_164' title='bbox 1131 2951 1376 3019; x_wconf 89' lang='lat' dir='ltr'>incommodis.</span> 
     </span>
    </p>

    <p class='ocr_par' dir='ltr' id='par_1_14' title="bbox 225 3075 1377 3539">
     <span class='ocr_line' id='line_1_22' title="bbox 314 3075 1377 3165; baseline 0.005 -25"><span class='ocrx_word' id='word_1_165' title='bbox 314 3077 508 3142; x_wconf 89' lang='lat' dir='ltr'>Honestum</span> <span class='ocrx_word' id='word_1_166' title='bbox 533 3079 561 3141; x_wconf 86' lang='lat'>1.</span> <span class='ocrx_word' id='word_1_167' title='bbox 589 3077 741 3142; x_wconf 80' lang='lat' dir='ltr'>circaea</span> <span class='ocrx_word' id='word_1_168' title='bbox 766 3099 852 3162; x_wconf 92' lang='lat' dir='ltr'>quae</span> <span class='ocrx_word' id='word_1_169' title='bbox 883 3075 927 3165; x_wconf 83' lang='lat' dir='ltr'>ad</span> <span class='ocrx_word' id='word_1_170' title='bbox 955 3075 1106 3142; x_wconf 90' lang='lat' dir='ltr'>hominis</span> <span class='ocrx_word' id='word_1_171' title='bbox 1126 3084 1377 3145; x_wconf 90' lang='lat' dir='ltr'>ornamentum</span> 
     </span>
     <span class='ocr_line' id='line_1_23' title="bbox 225 3200 1377 3288; baseline 0.003 -22"><span class='ocrx_word' id='word_1_172' title='bbox 225 3200 371 3284; x_wconf 87' lang='lat' dir='ltr'>faciunt,</span> <span class='ocrx_word' id='word_1_173' title='bbox 385 3203 414 3265; x_wconf 93' lang='grc'><strong>2.</strong></span> <span class='ocrx_word' id='word_1_174' title='bbox 429 3202 518 3267; x_wconf 87' lang='lat' dir='ltr'>circa</span> <span class='ocrx_word' id='word_1_175' title='bbox 535 3201 757 3268; x_wconf 87' lang='lat' dir='ltr'>avertendam</span> <span class='ocrx_word' id='word_1_176' title='bbox 773 3201 995 3283; x_wconf 82' lang='lat' dir='ltr'>calumniam,</span> <span class='ocrx_word' id='word_1_177' title='bbox 1008 3204 1038 3266; x_wconf 88' lang='lat'>3.</span> <span class='ocrx_word' id='word_1_178' title='bbox 1055 3204 1145 3267; x_wconf 88' lang='lat' dir='ltr'>circa</span> <span class='ocrx_word' id='word_1_179' title='bbox 1159 3201 1377 3288; x_wconf 89' lang='lat' dir='ltr'>acquirenda</span> 
     </span>
     <span class='ocr_line' id='line_1_24' title="bbox 225 3325 1377 3412; baseline 0.003 -22"><span class='ocrx_word' id='word_1_180' title='bbox 225 3348 278 3410; x_wconf 90' lang='lat' dir='ltr'>oa,</span> <span class='ocrx_word' id='word_1_181' title='bbox 303 3348 390 3410; x_wconf 90' lang='lat' dir='ltr'>quae</span> <span class='ocrx_word' id='word_1_182' title='bbox 413 3326 591 3407; x_wconf 86' lang='lat' dir='ltr'>honorem,</span> <span class='ocrx_word' id='word_1_183' title='bbox 615 3326 775 3412; x_wconf 87' lang='lat' dir='ltr'>gloriam,</span> <span class='ocrx_word' id='word_1_184' title='bbox 796 3327 1060 3391; x_wconf 84' lang='lat' dir='ltr'>aemulationem</span> <span class='ocrx_word' id='word_1_185' title='bbox 1084 3335 1118 3391; x_wconf 91' lang='lat' dir='ltr'>et</span> <span class='ocrx_word' id='word_1_186' title='bbox 1137 3325 1377 3394; x_wconf 89' lang='lat' dir='ltr'>imitationem</span> 
     </span>
     <span class='ocr_line' id='line_1_25' title="bbox 225 3451 1376 3539; baseline 0.003 -23"><span class='ocrx_word' id='word_1_187' title='bbox 225 3453 379 3537; x_wconf 89' lang='lat' dir='ltr'>pariunt,</span> <span class='ocrx_word' id='word_1_188' title='bbox 397 3452 523 3537; x_wconf 88' lang='lat' dir='ltr'>quibus</span> <span class='ocrx_word' id='word_1_189' title='bbox 540 3460 695 3518; x_wconf 84' lang='lat' dir='ltr'>carentes</span> <span class='ocrx_word' id='word_1_190' title='bbox 715 3453 960 3534; x_wconf 74' lang='lat' dir='ltr'>erubescimus,</span> <span class='ocrx_word' id='word_1_191' title='bbox 981 3452 1108 3536; x_wconf 91' lang='lat' dir='ltr'>quibus</span> <span class='ocrx_word' id='word_1_192' title='bbox 1127 3451 1276 3538; x_wconf 89' lang='lat' dir='ltr'>praediti</span> <span class='ocrx_word' id='word_1_193' title='bbox 1293 3453 1376 3539; x_wconf 85' lang='lat' dir='ltr'>glo·</span> 
     </span>
    </p>

    <p class='ocr_par' dir='ltr' id='par_1_15' title="bbox 160 3577 367 3647">
     <span class='ocr_line' id='line_1_26' title="bbox 160 3577 367 3647; baseline -0.024 0"><span class='ocrx_word' id='word_1_194' title='bbox 160 3584 203 3647; x_wconf 82' lang='grc'>25</span> <span class='ocrx_word' id='word_1_195' title='bbox 227 3577 367 3643; x_wconf 90' lang='lat' dir='ltr'>riamur.</span> 
     </span>
    </p>

    <p class='ocr_par' dir='ltr' id='par_1_16' title="bbox 225 3701 1377 4039">
     <span class='ocr_line' id='line_1_27' title="bbox 315 3701 1376 3789; baseline 0.003 -21"><span class='ocrx_word' id='word_1_196' title='bbox 315 3702 510 3768; x_wconf 90' lang='lat' dir='ltr'>Iucundum</span> <span class='ocrx_word' id='word_1_197' title='bbox 527 3704 625 3768; x_wconf 83' lang='lat' dir='ltr'>iuxta</span> <span class='ocrx_word' id='word_1_198' title='bbox 651 3726 712 3769; x_wconf 89' lang='lat' dir='ltr'>sua</span> <span class='ocrx_word' id='word_1_199' title='bbox 729 3705 883 3769; x_wconf 89' lang='lat' dir='ltr'>membra</span> <span class='ocrx_word' id='word_1_200' title='bbox 904 3712 956 3769; x_wconf 85' lang='lat' dir='ltr'>est</span> <span class='ocrx_word' id='word_1_201' title='bbox 982 3702 1075 3789; x_wconf 91' lang='lat' dir='ltr'>quod</span> <span class='ocrx_word' id='word_1_202' title='bbox 1099 3701 1376 3771; x_wconf 88' lang='lat' dir='ltr'>delectationem</span> 
     </span>
     <span class='ocr_line' id='line_1_28' title="bbox 226 3827 1377 3915; baseline 0.001 -22"><span class='ocrx_word' id='word_1_203' title='bbox 226 3834 402 3912; x_wconf 89' lang='lat' dir='ltr'>causatur,</span> <span class='ocrx_word' id='word_1_204' title='bbox 428 3829 608 3893; x_wconf 88' lang='lat' dir='ltr'>tristitiam</span> <span class='ocrx_word' id='word_1_205' title='bbox 632 3829 783 3915; x_wconf 79' lang='lat' dir='ltr'>repellit,</span> <span class='ocrx_word' id='word_1_206' title='bbox 800 3830 959 3893; x_wconf 90' lang='lat' dir='ltr'>timorem</span> <span class='ocrx_word' id='word_1_207' title='bbox 978 3828 1125 3910; x_wconf 85' lang='lat' dir='ltr'>excutit,</span> <span class='ocrx_word' id='word_1_208' title='bbox 1146 3827 1377 3894; x_wconf 88' lang='lat' dir='ltr'>securitatem</span> 
     </span>
     <span class='ocr_line' id='line_1_29' title="bbox 225 3951 1191 4039; baseline -0.001 -22"><span class='ocrx_word' id='word_1_209' title='bbox 225 3951 373 4037; x_wconf 87' lang='lat' dir='ltr'>inducit,</span> <span class='ocrx_word' id='word_1_210' title='bbox 393 3953 566 4039; x_wconf 87' lang='lat' dir='ltr'>placatam</span> <span class='ocrx_word' id='word_1_211' title='bbox 590 3953 882 4039; x_wconf 88' lang='lat' dir='ltr'>tranquillamque</span> <span class='ocrx_word' id='word_1_212' title='bbox 900 3955 1005 4018; x_wconf 85' lang='lat' dir='ltr'>vitam</span> <span class='ocrx_word' id='word_1_213' title='bbox 1026 3953 1191 4018; x_wconf 87' lang='lat' dir='ltr'>instituit.</span> 
     </span>
    </p>

    <p class='ocr_par' dir='ltr' id='par_1_17' title="bbox 315 4077 1380 4145">
     <span class='ocr_line' id='line_1_30' title="bbox 315 4077 1380 4145; baseline 0.003 -3"><span class='ocrx_word' id='word_1_214' title='bbox 315 4077 509 4143; x_wconf 86' lang='lat' dir='ltr'>Facilitatis</span> <span class='ocrx_word' id='word_1_215' title='bbox 534 4079 687 4143; x_wconf 90' lang='lat' dir='ltr'>membra</span> <span class='ocrx_word' id='word_1_216' title='bbox 711 4086 792 4143; x_wconf 91' lang='lat' dir='ltr'>sunt</span> <span class='ocrx_word' id='word_1_217' title='bbox 824 4080 850 4143; x_wconf 88' lang='grc'>1.</span> <span class='ocrx_word' id='word_1_218' title='bbox 876 4078 975 4143; x_wconf 88' lang='lat' dir='ltr'>favor</span> <span class='ocrx_word' id='word_1_219' title='bbox 1004 4079 1167 4143; x_wconf 89' lang='lat' dir='ltr'>assistens</span> <span class='ocrx_word' id='word_1_220' title='bbox 1191 4101 1250 4143; x_wconf 90' lang='lat' dir='ltr'>seu</span> <span class='ocrx_word' id='word_1_221' title='bbox 1274 4081 1380 4145; x_wconf 85' lang='lat' dir='ltr'>auxi-</span> 
     </span>
    </p>
   </div>
   <div class='ocr_carea' id='block_1_3' title="bbox 161 4191 1380 4290">
    <p class='ocr_par' dir='ltr' id='par_1_18' title="bbox 161 4191 1380 4290">
     <span class='ocr_line' id='line_1_31' title="bbox 161 4191 1380 4290; baseline 0.002 -22"><span class='ocrx_word' id='word_1_222' title='bbox 161 4207 205 4269; x_wconf 87' lang='lat'>30</span> <span class='ocrx_word' id='word_1_223' title='bbox 226 4202 325 4285; x_wconf 89' lang='lat' dir='ltr'>lium,</span> <span class='ocrx_word' id='word_1_224' title='bbox 345 4204 374 4266; x_wconf 90' lang='grc'><strong>2.</strong></span> <span class='ocrx_word' id='word_1_225' title='bbox 395 4203 635 4290; x_wconf 87' lang='lat' dir='ltr'>impedimenti</span> <span class='ocrx_word' id='word_1_226' title='bbox 658 4203 801 4287; x_wconf 90' lang='lat' dir='ltr'>ablatio,</span> <span class='ocrx_word' id='word_1_227' title='bbox 822 4206 852 4268; x_wconf 88' lang='lat'>3.</span> <span class='ocrx_word' id='word_1_228' title='bbox 872 4191 947 4290; x_wconf 90' lang='lat' dir='ltr'>ipsa</span> <span class='ocrx_word' id='word_1_229' title='bbox 965 4203 1122 4288; x_wconf 88' lang='lat' dir='ltr'>pronitas</span> <span class='ocrx_word' id='word_1_230' title='bbox 1146 4226 1206 4269; x_wconf 90' lang='lat' dir='ltr'>seu</span> <span class='ocrx_word' id='word_1_231' title='bbox 1226 4201 1380 4270; x_wconf 89' lang='lat' dir='ltr'>inclina-</span> 
     </span>
    </p>
   </div>
   <div class='ocr_carea' id='block_1_4' title="bbox 223 4397 1383 4542">
    <p class='ocr_par' dir='ltr' id='par_1_19' title="bbox 223 4397 1383 4542">
     <span class='ocr_line' id='line_1_32' title="bbox 318 4397 1380 4464; baseline 0.006 -20"><span class='ocrx_word' id='word_1_232' title='bbox 318 4397 333 4444; x_wconf 86' lang='lat'>5</span> <span class='ocrx_word' id='word_1_233' title='bbox 352 4398 367 4445; x_wconf 80' lang='grc'>6</span> <span class='ocrx_word' id='word_1_234' title='bbox 388 4397 556 4448; x_wconf 88' lang='lat' dir='ltr'>iniucudum</span> <span class='ocrx_word' id='word_1_235' title='bbox 578 4399 604 4448; x_wconf 71' lang='lat' dir='ltr'><em>F</em></span> <span class='ocrx_word' id='word_1_236' title='bbox 672 4400 702 4448; x_wconf 90' lang='lat'>10</span> <span class='ocrx_word' id='word_1_237' title='bbox 719 4401 823 4464; x_wconf 82' lang='lat' dir='ltr'>(quod)</span> <span class='ocrx_word' id='word_1_238' title='bbox 837 4400 951 4464; x_wconf 89' lang='lat' dir='ltr'>quidem</span> <span class='ocrx_word' id='word_1_239' title='bbox 969 4400 1005 4459; x_wconf 75' lang='lat' dir='ltr'>(l,</span> <span class='ocrx_word' id='word_1_240' title='bbox 1026 4417 1069 4448; x_wconf 80' lang='lat' dir='ltr'>ma</span> <span class='ocrx_word' id='word_1_241' title='bbox 1086 4401 1152 4448; x_wconf 74' lang='lat' dir='ltr'>sard</span> <span class='ocrx_word' id='word_1_242' title='bbox 1169 4399 1206 4447; x_wconf 84' lang='lat' dir='ltr'>da</span> <span class='ocrx_word' id='word_1_243' title='bbox 1223 4403 1380 4450; x_wconf 65' lang='lat' dir='ltr'>animeuere</span> 
     </span>
     <span class='ocr_line' id='line_1_33' title="bbox 223 4476 1383 4542; baseline 0.005 -16"><span class='ocrx_word' id='word_1_244' title='bbox 223 4476 274 4540; x_wconf 68' lang='lat' dir='ltr'>pila</span> <span class='ocrx_word' id='word_1_245' title='bbox 287 4478 379 4542; x_wconf 69' lang='lat' dir='ltr'>arrupte</span> <span class='ocrx_word' id='word_1_246' title='bbox 395 4480 494 4529; x_wconf 82' lang='lat' dir='ltr'>lacuna</span> <span class='ocrx_word' id='word_1_247' title='bbox 542 4482 571 4529; x_wconf 86' lang='grc'>21</span> <span class='ocrx_word' id='word_1_248' title='bbox 587 4481 749 4531; x_wconf 88' lang='lat' dir='ltr'>Honestum</span> <span class='ocrx_word' id='word_1_249' title='bbox 765 4481 964 4539; x_wconf 81' lang='lat' dir='ltr'>&lt;versatur)G</span> <span class='ocrx_word' id='word_1_250' title='bbox 1011 4481 1210 4530; x_wconf 74' lang='lat' dir='ltr'>soablatioo:</span> <span class='ocrx_word' id='word_1_251' title='bbox 1225 4479 1337 4529; x_wconf 85' lang='lat' dir='ltr'>oblatio</span> <span class='ocrx_word' id='word_1_252' title='bbox 1352 4483 1383 4532; x_wconf 67' lang='lat' dir='ltr'><em>F</em></span> 
     </span>
    </p>
   </div>
   <div class='ocr_carea' id='block_1_5' title="bbox 0 0 1709 5122">
    <p class='ocr_par' dir='ltr' id='par_1_20' title="bbox 0 0 1709 5122">
     <span class='ocr_line' id='line_1_34' title="bbox 0 0 1709 5122; baseline 0 0"><span class='ocrx_word' id='word_1_253' title='bbox 0 0 1709 5122; x_wconf 95' lang='lat' dir='ltr'> </span> 
     </span>
    </p>
   </div>
  </div>
 </body>
</html>
