3390 5122
218 399 277 459 356
658 413 797 457 roccam
819 411 921 456 nnvru

218 576 271 636 est
293 592 376 656 erga
395 569 506 635 Deum
530 576 564 634 et
587 568 805 655 religionem,
825 588 907 652 erga
926 565 1082 631 homines
1101 570 1137 630 et
1156 565 1194 629 in
1218 586 1256 629 se
1283 562 1381 651 ipsc.

218 696 402 763 Fortitudo
431 695 588 762 consistit
613 694 703 761 circa
727 693 978 780 aggrediendas
1001 715 1056 758 res
1079 691 1245 758 difficiles.
1273 690 1382 758 Haec

218 843 289 888 non
305 820 546 908 impossibilia,
563 843 674 906 neque
692 819 888 886 indecentia
901 818 1114 906 aggreditur3
1132 839 1174 883 ex
1191 816 1247 883 his
1273 816 1379 883 enim

219 945 369 1014 furiosus
388 955 424 1013 et
447 946 540 1012 ferus
564 969 584 1012 a
607 944 690 1012 forti
712 944 951 1032 distinguitur.
975 944 1065 1010 Item
1088 943 1172 1010 haec
1192 943 1197 1031 Ι
1217 943 1379 1009 necessi·
1411 942 1558 1009 140⁶

176 1070 197 1134 b
220 1078 293 1137 tate
320 1092 391 1137 non
418 1071 595 1155 abutitur,
627 1070 686 1138 sed
714 1068 858 1137 eandem
886 1069 924 1135 in
951 1069 1094 1135 virtutis
1123 1067 1381 1135 testimonium

221 1195 402 1263 convertit.
427 1196 670 1283 Temperantia
688 1217 769 1261 vero
789 1195 827 1260 in
846 1217 884 1261 eo
904 1195 1084 1277 consistit,
1102 1201 1141 1261 ut
1156 1194 1261 1260 rebus
1281 1194 1381 1282 ipsis

222 1321 370 1406 quadam
404 1321 538 1387 ratione
572 1327 665 1387 reeta
692 1329 797 1407 atque
827 1317 956 1386 iudicio
980 1326 1119 1386 utamur
1142 1341 1205 1406 pro
1228 1319 1383 1386 ratione

221 1451 429 1533 temporum,
449 1446 604 1513 locorum
620 1453 654 1512 et
671 1467 906 1533 personarum.

674 1704 773 1769 OAP.
804 1703 920 1770 XVII.

544 1849 668 1889 Peculium
683 1849 742 1889 ratio
755 1849 782 1888 dc
795 1849 865 1888 modis
881 1848 1043 1898 amplificandi.

312 2078 464 2143 Rursum
492 2074 716 2165 amplificatio
739 2074 779 2141 fit
803 2074 846 2140 ab
871 2073 1168 2157 antecedentibus,
1193 2078 1383 2143 concomi-

224 2201 381 2268 tantibus
402 2202 456 2285 (de
487 2201 612 2287 quibus
636 2200 768 2266 dictum
792 2205 856 2282 est)
886 2205 921 2264 et
944 2199 1249 2285 consequentibus,
1284 2208 1330 2268 ut
1357 2226 1383 2269 a

225 2327 472 2411 monumentis,
496 2327 540 2392 ab
563 2326 754 2408 effectibus,
783 2348 803 2391 a
836 2325 982 2391 decretis
1005 2325 1207 2409 honoribus,
1231 2349 1252 2392 a
1280 2327 1384 2396 desi-

226 2452 319 2519 derio
338 2453 406 2537 sui,
426 2475 446 2518 a
466 2451 581 2520 dolore
597 2458 632 2518 et
647 2453 743 2517 luctu
763 2451 806 2517 ob
830 2451 903 2517 eius
922 2451 1069 2537 obitum,
1090 2457 1125 2517 et
1143 2450 1387 2522 incommodi-

161 2575 202 2639 15
225 2586 298 2645 tate
318 2601 407 2663 quae
426 2601 468 2644 ex
487 2577 642 2644 absentia
662 2578 734 2644 eius
753 2577 820 2643 viri
842 2578 895 2643 vel
912 2577 963 2642 rei
981 2579 1144 2644 nescitur.

359 2709 388 2771 2.
413 2706 473 2771 Fit
496 2705 718 2792 amplificatio
744 2729 764 2773 a
787 2704 1044 2792 comparatione
1072 2728 1131 2771 seu
1159 2704 1386 2793 collatione,

226 2831 286 2897 ubi
320 2831 508 2898 adversarii
542 2836 659 2917 partes
690 2829 746 2896 vel
776 2831 903 2896 diversi
927 2829 1074 2896 alicuius
1109 2830 1256 2896 virtutes
1294 2855 1385 2901 cum

224 2955 333 3043 ipsius
351 2957 540 3023 virtutibus
559 2963 593 3022 et
608 2955 715 3042 gestis
735 2963 992 3042 comparentur,
1013 2955 1235 3043 deprimendo
1254 2956 1385 3027 aliena

224 3081 280 3147 vel
303 3081 533 3165 obscuranda,
557 3081 699 3169 propria
722 3103 802 3147 vero
831 3079 1003 3146 efferendo
1026 3087 1062 3145 et
1085 3079 1304 3147 illustrando
1331 3083 1384 3151 Id

158 3209 202 3272 20
225 3212 341 3273 autem
360 3215 459 3272 caute
477 3207 547 3273 fiat.

362 3334 391 3397 3.
416 3332 449 3396 A
468 3331 750 3415 circumstantiis
771 3339 810 3397 ut
827 3332 919 3416 quod
933 3332 1065 3417 eliquid
1084 3339 1209 3419 egetur
1228 3344 1383 3422 sponte,

226 3480 266 3523 ex
302 3457 469 3524 electione
502 3457 752 3545 praemeditata
793 3480 864 3523 non
896 3466 1024 3525 temere
1051 3459 1181 3544 absque
1221 3457 1384 3530 aiiorum

226 3583 400 3670 exemplo:
420 3581 539 3650 ‘nemo
563 3584 655 3649 enim
675 3583 794 3661 illlum
816 3585 1016 3672 praecessit,
1037 3592 1119 3650 ante
1137 3585 1252 3671 ipsum
1267 3608 1384 3656 nemo
1418 3598 1497 3661 62
1513 3600 1555 3662 F

225 3710 290 3776 hoc
309 3733 411 3777 ausus
436 3718 488 3776 est
511 3711 711 3792 attentare,
736 3719 839 3795 atque
864 3712 1009 3778 aliorum
1033 3711 1246 3777 imitatione:
1271 3709 1385 3799 'post

160 3842 202 3904 Ξῖ)
225 3837 340 3923 ipsum
359 3859 460 3902 nemo
479 3837 640 3903 similiter
659 3836 791 3901 efficere
811 3837 942 3901 valebit
961 3839 1015 3902 vel
1034 3836 1197 3903 audebit*

360 3963 391 4026 4.
417 3964 448 4025 Α
473 3962 761 4047 consequentibus
790 3985 831 4026 ex
859 3961 929 4043 his,
959 3962 1003 4027 ed
1032 3985 1132 4047 quae,
1158 3971 1329 4046 tanquam
1359 3989 1385 4032 a

228 4082 350 4147 maiori
380 4083 434 4146 vel
458 4083 597 4164 minori,
623 4082 802 4147 inferenda
825 4082 988 4169 progredi
1011 4105 1207 4169 possumne,
1239 4089 1296 4148 ut:
1323 4084 1382 4153 'si

227 4211 292 4274 iste
316 4232 398 4294 erga
421 4210 559 4295 ignotos
579 4209 760 4274 munificus
792 4217 843 4274 est
867 4217 901 4274 ct
925 4210 1124 4292 benevoluS,
1152 4209 1287 4295 qualem
1314 4234 1383 4298 pu-

902 4339 974 4345 -.-
1247 4338 1363 4350 ...ᾕη

320 4388 511 4446 11<1.)fit(}
575 4389 606 4436 12
622 4393 659 4446 st]
680 4389 721 4438 val
743 4388 765 4436 G
831 4389 1162 4450 14.15incomm‹›ditste
1186 4385 1244 4451 (sic)
1267 4387 1307 4436 F:
1333 4390 1383 4442 in·

227 4469 457 4518 commoditatem
473 4468 496 4516 G
559 4467 589 4516 27
607 4468 711 4518 minori
726 4467 876 4519 inferendo
890 4469 914 4516 F
