3390 5122
317 394 376 451 216
672 462 674 468 ι
762 405 903 450 menam
923 405 1024 448 envni

315 574 349 632 et
365 568 481 651 urbes,
499 568 557 633 sed
574 576 608 632 et
625 566 746 654 rapida
763 572 897 631 montes
913 564 1080 629 violentia
1097 564 1315 628 subvertunt.
1333 561 1459 626 Stimu-

313 692 396 776 lum,
407 714 521 777 quose
535 693 648 780 primo
661 694 772 779 ipsam
783 691 951 774 concutit,
969 690 1074 755 habet
1090 689 1184 754 illius
1201 688 1354 770 dextera,
1373 687 1457 752 sini-

313 825 479 884 stravere
493 818 624 884 colubri
640 817 816 884 horribilis
830 817 973 882 caudam
986 816 1144 902 stringit,
1158 836 1227 900 quo
1242 813 1457 900 cordipetum

312 941 406 1008 illius
426 966 576 1009 morsum
588 942 825 1008 vehementius
841 942 1025 1029 inasperat.
1049 942 1106 1007 Illi
1125 942 1236 1006 omnis
1256 946 1456 1005 enumerata

268 1073 288 1134 ὓ
312 1067 409 1138 curia.
431 1067 559 1151 adstat,
581 1068 831 1149 subministrat,
854 1074 888 1131 et
916 1068 960 1131 ab
977 1067 1037 1131 illa
1061 1067 1151 1132 vires
1172 1066 1323 1152 concipit
1348 1073 1382 1129 et
1405 1064 1455 1129 fa·

311 1215 419 1258 VOI'eS.

807 1418 884 1466 Imago
899 1416 957 1456 ocu.

397 1632 632 1720 Spectandum
642 1633 793 1698 trahitur
809 1640 957 1719 quatuor
971 1633 1102 1698 habens
1118 1633 1156 1697 in
1172 1655 1240 1697 uno
1254 1633 1367 1718 capite
1384 1632 1456 1697 vul-

306 1765 362 1823 tus
382 1757 647 1843 quatricolores:
672 1758 698 1822 Ι.
719 1758 810 1823 senis
830 1758 1008 1844 decrepiti,
1039 1757 1085 1822 ΙΙ.
1106 1758 1258 1840 vetulae,
1282 1758 1346 1822 ΠΙ.
1368 1781 1454 1824 mor·

243 1877 285 1938 10
307 1884 373 1965 tui,
387 1883 437 1949 IV
459 1883 587 1950 occulti
599 1882 845 1969 superinducto
859 1883 1061 1964 velamento,
1076 1882 1291 1969 complicatis
1304 1882 1341 1946 in
1355 1887 1359 1966 l
1374 1883 1452 1947 sinn
1483 1881 1572 1941 119

306 2030 429 2073 manus
441 2008 547 2074 habet
559 2008 690 2093 digitis.
702 2008 892 2094 Impexum,
905 2009 1070 2092 solutum,
1082 2007 1314 2090 immundum,
1328 2031 1452 2073 enerve

307 2141 508 2218 monstrum,
522 2134 618 2200 cuius
630 2133 733 2221 pedes
749 2133 861 2199 erodit
878 2156 967 2215 mus,
981 2134 1078 2199 ouius
1092 2135 1228 2199 oculum
1245 2133 1365 2198 effodit
1378 2133 1453 2199 stil-

304 2258 470 2324 licidium.
496 2259 634 2324 Adsunt
657 2260 753 2324 vario
784 2259 837 2324 illi
866 2259 1007 2324 nomine
1028 2259 1233 2343 Lentitudo,
1257 2259 1451 2346 Tepiditas,

304 2383 485 2466 Mollities,
499 2384 639 2470 Frigus,
653 2383 794 2470 Torpor,
808 2383 992 2469 Vecordia‚
1006 2385 1152 2468 Dilatio,
1166 2385 1452 2470 Procrastinatio,

240 2508 280 2570 15
304 2509 541 2595 Negligcntia,
571 2509 718 2591 Inertia,
748 2511 901 2593 Incuria,
927 2510 1070 2591 Acedia‚
1091 2511 1266 2594 Tardius,
1294 2511 1450 2576 murcida

304 2635 490 2715 Remissio,
509 2635 638 2719 ignava
658 2634 836 2715 Socordio,
856 2635 1023 2701 Oscitatio
1043 2635 1218 2719 titubans,
1239 2645 1273 2701 et
1294 2636 1335 2700 de
1355 2637 1450 2700 curia

306 2757 401 2823 Senii
417 2766 451 2824 et
468 2759 614 2825 aliorum
634 2759 793 2846 plurima.

787 3039 866 3078 Morus
878 3041 959 3088 imago.

384 3263 527 3328 Aletum
538 3270 573 3328 et
586 3263 734 3329 informe
745 3288 872 3330 numen
886 3266 1003 3331 exibat
1015 3267 1138 3332 falcem
1150 3268 1317 3335 latissime
1330 3272 1446 3336 omnia

234 3391 278 3453 20
301 3396 506 3454 emetentem
532 3390 726 3475 exagitem,
752 3390 815 3455 alis
845 3392 1061 3459 velocissimo
1092 3400 1194 3479 raptu
1223 3395 1445 3480 nigrantibus

301 3515 382 3581 solis
400 3516 512 3580 lucem
531 3538 551 3579 a
571 3515 725 3579 subiecto
755 3517 993 3582 avertentibus
1021 3520 1208 3585 horizonte.
1226 3521 1325 3585 illam
1351 3530 1446 3587 anto·

301 3642 426 3707 cedunt
443 3641 572 3722 omnia,
593 3640 869 3706 concomitantur
886 3665 927 3706 ex
943 3643 1045 3708 dictis
1063 3668 1140 3709 cum
1159 3645 1264 3711 Senio
1277 3659 1311 3710 et
1324 3648 1445 3733 Aegri-

298 3767 418 3832 tudine
446 3767 616 3853 plurima,
646 3775 905 3852 consequuntur
940 3792 1019 3834 vero
1050 3771 1183 3854 Pallor,
1216 3771 1439 3856 DeformitaS,

298 3895 449 3976 Miseria,
471 3897 673 3980 PaupertaS,
692 3895 863 3975 Deserti0,
890 3894 1063 3978 Solitudo,
1085 3898 1224 3963 Luctus.
1245 3900 1307 3963 Est
1327 3923 1440 3983 caeca,

231 4018 274 4079 25
298 4020 412 4104 surda,
438 4020 680 4106 implacabilis,
707 4020 943 4103 inexorabilis,
973 4022 1084 4106 qualis
1116 4023 1156 4087 de
1184 4024 1324 4089 sinistra
1349 4049 1441 4111 spoc-

298 4145 454 4209 tantibus
473 4153 571 4231 parto
590 4145 783 4210 videbatur.
803 4146 916 4210 ltalia
937 4171 1018 4212 voro
1042 4171 1083 4212 cx
1104 4150 1171 4213 alia
1187 4157 1287 4235 parte
1305 4174 1441 4238 pracce-

387 4359 403 4408 8
420 4358 538 4407 habenis
625 4359 664 4407 10.
680 4361 708 4408 ll
725 4361 804 4421 forse
822 4361 993 4412 velamento.
1014 4361 1198 4429 Oornplicatis
1219 4383 1232 4415 e
1252 4366 1366 4431 digitis,
1389 4368 1439 4419 im-

294 4452 398 4501 pexum
