3390 5122
342 464 401 522 114
781 474 921 519 rounam
942 472 1044 518 snvm

340 635 396 702 vel
415 635 452 700 in
468 631 603 719 tripode
618 630 877 717 significabant,
888 636 923 695 et
942 629 1045 695 certis
1057 629 1286 694 relationibus
1306 634 1340 692 et
1359 627 1484 693 consti-

342 759 536 826 tutionibus
559 757 729 842 syllabam
759 777 865 821 unam
894 755 950 819 vel
979 755 1122 819 alteram
1152 753 1216 819 hac
1246 754 1380 820 ratione
1404 753 1483 818 aliis

342 884 485 950 adiectis
504 882 769 964 constituenteS,
791 879 980 945 dictionem
1000 879 1186 944 secundum
1207 885 1342 966 partem
1361 878 1416 943 vel
1435 901 1484 943 se

342 1009 492 1075 eundum
509 1013 623 1074 totum
643 1004 778 1070 meliori
799 1026 866 1089 qua
881 1009 1043 1090 poterant
1059 1003 1152 1070 sorte
1168 1004 1234 1071 sibi
1252 1004 1483 1070 delineabant.

297 1132 318 1195 5
430 1132 534 1199 Hisce
566 1130 782 1197 addebantur
804 1135 883 1217 post
905 1136 1025 1196 notam
1052 1129 1220 1217 simplicis
1249 1129 1400 1195 nominis
1424 1152 1478 1195 ca·
1503 1131 1574 1195 20

341 1281 454 1342 suum,
480 1278 647 1343 generum
679 1263 713 1320 et
741 1277 962 1322 numerorum
995 1254 1212 1322 differentiae
1242 1277 1284 1320 ex
1321 1261 1484 1320 contactu

341 1385 396 1450 vel
414 1389 511 1448 motu
527 1381 583 1448 vel
602 1381 783 1446 notatione
803 1381 1049 1460 membrorum,
1072 1387 1112 1446 ut
1131 1403 1173 1445 ex
1198 1381 1311 1468 capite
1334 1388 1483 1463 rectum,

340 1532 382 1575 ex
398 1507 519 1574 ceteris
539 1505 703 1572 membris
723 1505 880 1590 obliquos
900 1528 1013 1588 oasuS,
1033 1512 1072 1571 ut
1093 1529 1135 1571 ex
1154 1505 1294 1571 dextera
1313 1505 1484 1587 dativum,

340 1657 382 1700 ex
409 1631 621 1719 genitalibus
653 1630 863 1717 genitivum,
881 1654 924 1696 ex
954 1654 1011 1698 ore
1039 1631 1252 1715 vocativum,
1278 1654 1320 1696 ex
1344 1631 1485 1696 sinistra

276 1763 319 1829 10
340 1758 548 1841 ablativum,
578 1780 620 1823 ex
649 1755 800 1822 foemina
830 1756 1057 1823 foemininum
1080 1779 1203 1842 genuS,
1229 1779 1271 1821 ex
1298 1755 1484 1841 geminatis

340 1883 524 1970 agentibus
553 1882 609 1948 vel
639 1881 881 1948 instrumentis
909 1883 1058 1970 plurale3
1083 1905 1125 1947 ex
1153 1888 1261 1967 statu,
1290 1881 1483 1965 inlusione,

338 2008 593 2095 genuflexione,
619 2008 784 2090 sessione,
810 2007 854 2073 ad
872 2008 961 2074 hano
989 2007 1046 2073 vel
1065 2008 1160 2073 illam
1180 2014 1311 2094 partem
1343 2029 1484 2072 conver·

339 2134 447 2218 sione,
463 2133 528 2199 hoc
548 2135 603 2199 vel
629 2133 688 2198 illo
721 2120 863 2199 animali
893 2133 1095 2218 adsistente,
1116 2155 1158 2198 ex
1186 2154 1278 2214 casn,
1299 2131 1483 2216 fractione,

340 2260 574 2342 succensione,
604 2260 820 2346 turbatione,
845 2283 955 2345 casus,
984 2259 1078 2326 modi
1106 2266 1140 2325 et
1164 2266 1321 2346 tempora
1353 2262 1388 2323 et
1416 2258 1484 2323 alia

276 2385 316 2451 15
340 2384 482 2452 huiusce
501 2386 638 2472 generis
657 2386 940 2473 designabantur.

429 2511 517 2576 Mihi
534 2511 583 2576 sio
601 2510 691 2577 hanc
711 2519 820 2577 artem
843 2511 1018 2599 prioribus
1036 2511 1137 2577 annis
1160 2509 1292 2576 accedit
1311 2509 1355 2575 sd
1374 2509 1484 2594 magis

340 2636 503 2724 speciales
528 2636 743 2702 differentias
768 2643 964 2721 attrectare,
990 2660 1060 2703 non
1083 2643 1284 2725 promptum
1306 2634 1374 2700 rati
1399 2657 1484 2721 opus

339 2784 382 2828 ex
400 2762 624 2848 antiquorum
643 2785 683 2827 ea
702 2763 940 2848 institutione,
959 2786 1046 2849 quae
1065 2786 1084 2827 a
1109 2760 1336 2827 similitudine
1360 2760 1484 2847 capitis

339 2888 395 2954 vel
414 2888 558 2973 caudae,
578 2911 598 2953 a
615 2896 699 2954 nota
719 2889 821 2955 unius
845 2889 995 2955 nominis
1018 2888 1129 2955 forma
1148 2871 1196 2953 ¹ad
1216 2886 1357 2953 alterius
1377 2886 1485 2951 nomi-

273 3020 318 3086 20
339 3014 393 3078 nis
407 3012 553 3079 formam
565 3015 865 3101 promovebant-nr.
877 3014 1113 3080 Similitudine
1124 3014 1216 3078 enim
1232 3013 1355 3100 eapitis
1366 3011 1484 3077 asinus

340 3139 384 3204 ad
411 3139 499 3225 asyli
527 3139 770 3224 figurationem
798 3140 1024 3224 conducebat,
1052 3162 1222 3225 generans
1250 3138 1293 3204 ad
1325 3137 1483 3223 GenesiS,

340 3265 537 3353 parturiens
553 3264 596 3330 ad
614 3264 914 3351 Paraliponrenom
927 3264 1156 3330 similitudine
1172 3264 1301 3330 carrdae
1316 3265 1483 3351 templum

342 3391 385 3457 ad
404 3391 719 3478 contemplationis,
738 3391 967 3456 similitudine
986 3391 1138 3478 corporis
1158 3391 1333 3477 speculum
1351 3391 1393 3454 ad
1409 3414 1480 3477 spe·

342 3516 537 3598 culationis;
554 3517 800 3603 compositione
816 3517 969 3604 partium
988 3516 1202 3583 diversarum
1217 3539 1307 3599 cestro,
1330 3516 1403 3598 nix,
1425 3516 1482 3580 fex

275 3643 318 3707 ‘25
343 3639 515 3705 conflabat
534 3641 721 3707 dictionem
745 3642 912 3725 carnifex,
933 3642 1023 3707 siout
1046 3643 1183 3707 cuidam
1201 3664 1363 3728 granum,
1388 3642 1484 3725 uitis,

342 3765 457 3851 pirum
482 3766 704 3851 significabat
727 3767 858 3852 grande
883 3767 1103 3854 vituperium.
1129 3769 1207 3833 Huc
1227 3776 1385 3855 spectant
1400 3769 1483 3852 alia,

343 3913 429 3974 quae
450 3891 530 3976 quia
554 3892 653 3956 nobis
678 3891 820 3957 minime
843 3893 922 3959 usui
946 3900 1040 3976 sunt,
1062 3895 1301 3979 praetermissa
1327 3895 1485 3959 volumus

343 4040 427 4098 esse,
447 4024 487 4081 ut
501 4018 778 4103 transumptione
795 4027 948 4104 accepta,
966 4018 1148 4099 divisione,
1167 4019 1398 4103 mutilatione,
1415 4028 1487 4104 ety-

1469 4144 1478 4160 Ί

1474 4182 1486 4192 ι

342 4141 503 4226 mologia,
526 4142 827 4228 interpretatione,
849 4166 935 4228 (prae
955 4144 1037 4208 licet
1053 4143 1154 4208 utilia
1174 4151 1208 4208 ct
1227 4145 1399 4230 plerisque
1419 4149 1472 4209 sut

438 4447 453 4496 7
469 4464 510 4512 qq.
525 4447 550 4496 si
567 4449 742 4513 aspcttcrcbbe
759 4456 856 4501 rectus
873 4467 885 4500 c
899 4447 1009 4514 obliqui
1023 4464 1035 4497 e
1049 4449 1164 4498 dativus
1181 4455 1227 4499 otc.
1296 4450 1326 4499 16
1342 4466 1354 4499 e
1369 4451 1398 4498 Π
1408 4450 1486 4515 forse

342 4527 473 4578 occidite
487 4533 550 4580 reto
617 4529 649 4578 18
665 4530 747 4595 quae]
756 4532 834 4595 forse
848 4532 922 4598 qua?
