3390 5122
328 391 387 452 316
764 408 903 453 rounam
925 408 1028 452 nurui

330 568 524 648 externum,
544 565 579 629 H
598 571 728 631 rectum
748 566 941 651 obliquum,
963 566 981 630 I
999 565 1138 630 tardum
1152 563 1265 645 velox,
1290 561 1324 625 Κ
1340 560 1468 648 princi·

327 688 424 774 pium
454 689 571 774 finem,
595 691 624 754 L
654 690 805 756 medium
830 697 1035 773 extremum,
1066 690 1102 754 M
1132 687 1322 775 perfeetum
1346 685 1470 773 imper·

328 811 465 880 fectum.

711 1090 814 1141 Slglllum
829 1091 909 1132 xxvl.
925 1091 1003 1131 Scelus
1018 1092 1082 1131 furis.

284 1304 305 1367 5
418 1320 435 1368 u
461 1307 577 1374 Habet
599 1306 687 1374 furis
706 1308 818 1374 socius
837 1309 875 1373 in
894 1311 1007 1396 capite
1030 1314 1065 1372 et
1088 1306 1248 1372 manibus
1271 1304 1393 1370 saltem
1416 1304 1469 1369 in-

328 1432 495 1498 dicatoria
523 1432 636 1519 signa:
676 1434 707 1497 A
736 1434 864 1516 oculos,
893 1433 924 1497 B
952 1433 1149 1520 palpebras,
1174 1431 1200 1495 O
1225 1452 1275 1514 os,
1300 1431 1331 1494 D
1357 1429 1471 1494 dexte·

328 1581 402 1623 ram
420 1580 575 1638 manum,
592 1557 622 1620 Ε
640 1557 829 1642 sinistram,
854 1559 883 1622 F
907 1557 1072 1642 frontem,
1090 1555 1123 1620 G
1146 1577 1285 1642 genam,
1301 1555 1336 1620 H
1352 1575 1470 1620 aurem

328 1683 496 1767 dextram,
513 1683 531 1748 I
548 1682 738 1766 sinistram,
756 1683 791 1746 K
805 1681 960 1769 capillos,
974 1682 1003 1746 L
1020 1687 1187 1761 mentum,
1206 1681 1295 1746 Min
1310 1679 1471 1746 manibus

327 1808 432 1874 habet
454 1808 644 1895 digitorum
666 1830 847 1874 numerum
876 1807 1161 1895 implicationem,
1190 1805 1469 1897 explicationem,

264 1939 306 2002 10
328 1933 605 2022 applicationem.
633 1934 676 1998 In
701 1933 845 1999 diversis
873 1933 957 1998 item
990 1932 1091 1998 faciei
1124 1932 1284 2020 partibus
1312 1931 1469 2018 simplice

327 2065 437 2144 tactu,
455 2059 657 2147 sculptione,
671 2057 842 2124 frictione.
867 2058 914 2124 Os
933 2059 1051 2141 tussit,
1069 2058 1177 2140 halat,
1196 2067 1345 2141 excreat,
1365 2056 1468 2140 ridet,

328 2183 505 2269 dilatatur,
520 2184 750 2262 contrahitur,
769 2184 933 2271 aperitur.
951 2183 1038 2250 Suos
1054 2184 1184 2249 habent
1201 2182 1384 2271 supercilia
1398 2204 1470 2249 mo·

328 2317 385 2376 tus
401 2317 435 2374 et
450 2310 549 2375 oculi.
573 2310 789 2375 Concurrens
808 2309 911 2374 unius
931 2308 1077 2374 subiecti
1100 2309 1250 2374 varietas
1271 2331 1348 2374 cum
1367 2308 1471 2374 unius

329 2442 363 2501 et
397 2434 540 2501 alterius
563 2433 710 2500 subiecti
740 2434 964 2520 singulariter
992 2434 1047 2499 vel
1071 2434 1254 2521 pluraliter
1282 2433 1470 2515 varietate;

263 2562 305 2626 15
328 2583 399 2626 non
421 2566 473 2627 est
497 2566 588 2626 certe
605 2583 705 2646 quem
728 2582 799 2625 non
823 2560 993 2647 complere
1016 2560 1126 2647 possit
1149 2582 1339 2626 numerum.
1375 2559 1470 2624 Beda

327 2686 487 2772 vulgavit
522 2686 706 2767 rationem,
735 2707 822 2770 quae
853 2707 971 2751 omnes
1006 2708 1227 2753 numerorum
1256 2684 1469 2751 differentias

328 2810 365 2875 irr
389 2811 509 2896 digitis
532 2812 682 2897 explicat
701 2817 736 2876 et
756 2811 920 2877 articulis.
940 2812 988 2876 At
1007 2812 1065 2876 fur
1087 2819 1204 2878 noster
1228 2833 1345 2877 omnes
1363 2809 1469 2897 expli-

329 2941 384 2998 cat
400 2934 550 3018 (nemine
573 2934 641 3000 nisi
665 2936 800 3001 conscio
820 2936 911 3001 socio
930 2937 1052 3022 ipsiuS,
1070 2937 1112 3001 de
1135 2938 1257 3002 turbae
1272 2936 1397 3017 medio)
1422 2935 1472 2999 in·

329 3060 514 3144 tentioueS,
531 3068 565 3124 et
580 3084 636 3124 eas
653 3084 739 3146 quae
758 3061 824 3126 sibi
837 3061 1094 3147 propriissimae
1109 3069 1190 3127 sunt
1206 3068 1304 3126 tanto
1322 3060 1469 3126 facilius.

745 3359 839 3398 Rhetor.
856 3358 940 3397 xxvll
954 3357 1059 3406 sigillum.

420 3582 436 3628 u
464 3570 634 3646 Quattuor
653 3578 688 3637 et
712 3571 839 3657 viginti
859 3571 1014 3637 munitus
1033 3571 1220 3636 adtributis
1239 3572 1371 3636 curiam
1391 3569 1473 3635 duo·

332 3693 442 3758 decim
469 3695 665 3782 principum
690 3696 806 3763 rhetor
831 3697 1039 3783 ingreditur,
1071 3705 1109 3761 ut
1134 3696 1185 3760 illi
1210 3718 1328 3762 omnes
1352 3696 1389 3760 in
1414 3695 1474 3760 tri·

331 3818 415 3903 plici
439 3820 550 3906 operis
574 3820 745 3885 adsistant
773 3845 905 3908 genere.
932 3824 1038 3887 Porro
1067 3822 1104 3885 in
1131 3821 1286 3885 iudiciali
1309 3820 1473 3907 princeps

334 3942 384 4007 illi
407 3945 591 4031 primarius
611 3954 662 4010 est
685 3947 857 4032 Iuppiter,
875 3947 912 4010 in
931 3945 1157 4011 deliberativo
1184 3946 1255 4028 Sol,
1275 3946 1313 4009 iu
1337 3944 1475 4010 dauron-

267 4077 309 4139 ‘25
334 4069 479 4135 strativo
498 4069 621 4135 Pallas
642 4070 820 4136 Adiuvant
837 4071 935 4136 illum
950 4071 1017 4136 alia
1034 4070 1162 4157 sigilla,
1180 4078 1214 4135 et
1230 4093 1313 4157 prae
1330 4068 1474 4154 reliquis

333 4193 421 4260 tbrte
445 4195 617 4281 Agricola.

426 4464 545 4525 18Jorae
557 4463 671 4513 nemine
686 4464 799 4514 conscio
816 4466 871 4514 nisi
936 4465 965 4513 19
983 4463 1185 4529 proprissimae
