3390 5122
1392 546 1484 608 ΒΕ

532 642 703 676 scararssruo
721 643 753 676 ss
770 642 976 677 mrsrmrrssruo
994 644 1070 690 vino,
1395 637 1482 699 115
1496 634 1538 700 G

273 788 345 869 DN.
381 788 638 872 ABRlHlMO
672 787 928 871 WRSOTZKY
961 787 1103 872 GORb'l
1136 786 1326 882 Pououo,

451 1022 578 1066 DOMINO
597 1022 640 1066 ΕΤ
660 1022 805 1068 FAV'l'ORl
828 1023 1032 1070 nouonaa’no
1055 1024 1079 1068 8.
1103 1026 1134 1069 D.

400 1214 600 1275 IOHANN.
634 1216 883 1276 HENRIOVS
917 1216 1198 1277 ALSTEDIVS.

684 1409 908 1418 ——.—..-

184 2082 205 2145 5
318 2067 503 2154 Recordor,
527 2071 740 2136 nobilissime
770 2072 839 2155 vir,
864 2081 899 2139 et
923 2095 1023 2159 saepe
1051 2073 1209 2139 recordor
1239 2074 1368 2140 amicae

228 2195 322 2262 illius
346 2198 629 2281 conversationis,
654 2222 743 2285 quae
765 2198 834 2265 fuit
858 2199 949 2265 inter
978 2200 1148 2266 illustrem
1172 2208 1207 2266 et
1229 2224 1369 2288 genero

228 2344 304 2386 sum
328 2321 488 2388 comitem
513 2323 579 2388 Dn.
599 2324 814 2390 Vladislaum
837 2325 880 2390 ab
901 2324 1068 2412 Ostrorog
1083 2333 1146 2391 etc.
1165 2332 1200 2391 et
1223 2350 1285 2393 nos
1301 2350 1370 2392 am-

228 2447 299 2513 bos,
320 2446 416 2513 Adeo
437 2456 441 2532 1
461 2448 593 2514 scilicet
608 2472 661 2514 me
676 2449 872 2515 oblectabat
887 2458 1002 2516 vestra
1015 2450 1204 2537 singularis
1223 2451 1369 2538 diligen·
1393 2453 1483 2515 4F

230 2572 292 2655 tia,
307 2572 545 2639 munificentia
554 2573 702 2661 insignis
714 2575 906 2658 recreabat,
920 2575 1032 2662 pietas
1045 2576 1171 2641 eximia
1186 2575 1368 2643 afficiebat.

165 2703 206 2767 10
230 2699 368 2776 Quanto
392 2705 507 2764 autem
531 2699 719 2766 beatiorem
743 2722 797 2765 me
820 2699 1063 2787 praedicabam
1090 2707 1166 2767 tum
1189 2702 1368 2790 temporis,

228 2830 327 2890 tanto
344 2847 398 2889 mo
415 2847 507 2890 nunc
526 2823 753 2890 infeliciorem
774 2824 899 2907 ludim,
917 2825 977 2910 qui
996 2824 1049 2890 his
1065 2847 1178 2910 careo,
1197 2826 1299 2892 etita
1318 2850 1371 2894 ca·

228 2971 299 3033 rco,
312 2956 352 3015 ut
371 2950 466 3016 nulla
486 2973 562 3037 spes
586 2949 632 3015 sit
654 2949 776 3015 relicta
797 2973 851 3015 mc
873 2949 911 3015 in
939 2949 1025 3016 tales
1044 2972 1198 3036 unquam
1217 2952 1369 3018 incidere

227 3096 326 3163 posse
346 3075 500 3141 fautores
516 3075 600 3142 adeo
616 3076 798 3158 humanm,
816 3076 1022 3162 quibuscum
1043 3076 1281 3165 philosophice
1294 3100 1371 3144 con-

227 3200 357 3266 versari
370 3224 502 3287 queam.
524 3201 592 3266 Sed
611 3201 695 3286 quid
714 3201 872 3287 estquod
892 3200 1041 3287 queror?
1060 3201 1173 3268 Unam
1192 3225 1368 3288 superesse

164 3326 205 3389 15
229 3327 329 3392 video
352 3327 447 3392 viam
472 3327 705 3408 strationem,
723 3349 790 3412 qua
809 3325 918 3391 animi
941 3326 1051 3392 nostri
1076 3327 1222 3413 (optima
1244 3351 1368 3415 nempe

227 3460 398 3535 nostrum,
429 3451 489 3537 qui
519 3452 680 3518 coelestia
712 3452 882 3538 sapimus,
901 3457 994 3538 pars)
1017 3458 1163 3538 possunt
1191 3453 1367 3540 coniungi.

229 3577 505 3664 Scriptiunculas
528 3577 614 3642 (lico.
634 3578 689 3642 En
705 3576 825 3642 istam!
844 3598 911 3661 qua
927 3597 998 3641 non
1016 3576 1127 3642 solum
1147 3600 1262 3642 meum
1286 3600 1367 3664 erga

228 3701 337 3766 Tuam
362 3703 643 3783 Humanifltatem
667 3701 829 3767 affectum
854 3723 933 3766 vere
960 3701 1133 3766 sincerum
1156 3710 1191 3767 et
1215 3703 1368 3789 antiquis
1396 3699 1484 3767 ΒΡ

228 3827 381 3894 moribus
408 3827 598 3914 publicitus
625 3834 790 3894 testatum
818 3826 944 3908 facere,
968 3825 1027 3892 sed
1054 3833 1089 3891 et
1116 3827 1366 3913 gratitudinem

161 3948 206 4009 20
228 3975 339 4018 meam
373 3953 489 4040 aliquo
512 3952 613 4019 modo
637 3952 840 4019 adumbrare
860 3958 1003 4017 conatus
1025 3951 1142 4038 potius
1165 3976 1240 4017 sum
1264 3976 1366 4037 quam

226 4078 303 4142 feci.
326 4078 492 4144 Profiteor
511 4078 603 4142 enim
626 4100 681 4142 me
704 4100 782 4142 eum
802 4100 886 4161 esse,
905 4076 964 4162 qui
988 4076 1086 4143 novit
1105 4078 1294 4143 amicitiam
1314 4102 1368 4144 ve·

228 4226 300 4269 ram
321 4209 353 4287 (o
378 4226 480 4288 quam
498 4226 575 4269 rara
598 4203 681 4269 hacc
700 4203 801 4269 hodic
824 4209 876 4269 est
894 4205 997 4286 avisl)
1016 4203 1146 4288 fovere,
1163 4205 1367 4271 beneficium

321 4477 336 4526 4
352 4477 371 4529 J
373 4492 416 4526 oa.
433 4475 560 4526 Hastati
624 4474 655 4524 14
670 4489 773 4542 querar
789 4472 814 4525 G
878 4477 908 4526 18
923 4475 1072 4537 affectum,
1087 4490 1153 4526 vero
1165 4476 1217 4526 Fu
