3390 5122
301 421 361 478 214
741 435 881 480 rounam
902 435 1004 479 nnvru

300 579 449 700 Tempus
469 613 506 677 in
525 612 709 678 infernum.
729 614 873 678 Vultum
894 612 1044 677 delineat
1062 635 1204 699 aegrum

301 737 403 824 Ruga
422 745 457 803 et
475 738 698 823 conqueritur
717 738 810 803 tristi
831 761 997 825 compago
1014 739 1164 803 tumultu

300 862 475 949 Corporis,
493 856 596 949 atque
616 870 717 950 urget
736 864 919 929 vehemens
938 863 1100 950 angustia
1119 885 1251 944 sensus,

301 990 383 1057 Urit
402 991 491 1056 salsa
510 992 600 1056 mala
619 991 700 1056 bilis
719 991 893 1078 serpigine
913 1011 1045 1077 corpus

257 1119 277 1180 ὗ
302 1114 346 1180 Se
365 1115 448 1181 iacit
465 1116 504 1181 in
523 1115 670 1200 sordem,
690 1122 725 1181 et
744 1139 821 1202 spes
840 1115 1018 1202 deplorata
1038 1115 1147 1179 dolori

302 1240 516 1326 Succumbit,
536 1241 717 1327 luctusque
733 1243 822 1328 petit
841 1240 965 1308 solatia
988 1241 1131 1306 luctum.

302 1366 464 1432 Centenis
482 1376 602 1455 pectus
621 1366 763 1454 spiculis
781 1367 872 1452 gerit
891 1375 966 1431 atra
985 1365 1146 1433 foratum.

301 1495 443 1559 Ploratu
459 1495 610 1559 relevare
630 1493 758 1559 malum
776 1500 827 1559 est
847 1516 1005 1559 concessa
1023 1493 1197 1579 voluptas,

302 1623 360 1688 Sic
380 1628 502 1687 trunco
522 1621 633 1686 mittit
652 1621 735 1687 vitis
755 1621 796 1686 de
815 1643 956 1707 corpore
975 1627 1108 1706 guttas,

236 1739 278 1803 10
302 1748 359 1814 Sic
377 1748 504 1814 vulnus
523 1748 640 1814 ultura
656 1771 757 1814 suum
776 1748 972 1814 substantia
991 1771 1135 1814 manans

301 1874 367 1939 Per
383 1873 577 1939 lacbmmas
596 1896 706 1961 prono
726 1874 853 1940 sensim
872 1874 1086 1939 consumitur
1105 1880 1193 1938 actu.

300 1998 454 2064 Tandem
473 2004 610 2064 assueta
633 1998 733 2063 malis
749 1998 926 2063 sedamina
944 1999 1035 2064 vitat
1049 1998 1173 2083 amica,

302 2123 519 2208 Luminaque
537 2122 651 2187 invisa
669 2124 797 2188 avertit
815 2123 858 2190 de
875 2124 951 2188 luce
970 2124 1059 2206 diei,

302 2246 413 2332 Seque
431 2255 525 2313 amat
541 2254 726 2332 extorrem,
747 2248 931 2328 desertam,
951 2248 1189 2332 laetitiamque

236 2370 278 2434 15
303 2372 385 2438 Odit
401 2380 436 2437 et
454 2379 494 2438 ut
510 2395 620 2458 genus
640 2372 821 2438 adversum
839 2371 941 2459 fugit.

785 2652 862 2701 Imago
876 2652 960 2690 rann.

389 2881 405 2928 l
431 2880 547 2945 Famis
559 2878 710 2944 succedit
726 2879 948 2944 simulacrum
961 2879 1108 2943 Mortem
1118 2879 1260 2962 lact-ans,
1274 2879 1443 2963 luridum,

301 3007 444 3088 nudum,
464 3003 699 3088 macilentum,
720 3005 878 3090 aegrum,
892 3004 1127 3069 tremebundis
1147 3004 1325 3069 horridum
1342 3028 1445 3070 mem-

300 3132 385 3216 bris,
405 3130 542 3196 funesto
561 3129 691 3216 pallore
710 3129 872 3212 tinctum,
886 3129 952 3193 sibi
972 3151 1127 3212 exosum,
1142 3129 1238 3194 cuius
1251 3129 1436 3218 Cyclopioa

234 3258 279 3321 ΞΟ
301 3256 413 3322 rabies
431 3257 524 3321 lente
543 3254 657 3319 exedit
675 3261 780 3319 artus.
795 3253 946 3319 Adstant
962 3254 1014 3318 illi
1033 3253 1174 3320 comites
1189 3253 1356 3337 Saevitia,
1378 3256 1446 3320 Ra-

300 3382 384 3465 bies,
413 3379 566 3462 Insania,
595 3379 665 3461 Ira,
695 3378 904 3461 Crudelitas,
932 3380 1056 3463 Furor,
1078 3379 1221 3463 Inertis,
1252 3380 1442 3465 Ieiunium,

301 3506 501 3586 GracilitaS,
518 3504 690 3588 Squallor,
708 3525 915 3590 exasperans
934 3503 1145 3589 foedansque
1162 3505 1387 3589 Deformitas,
1409 3514 1443 3570 ot

300 3631 450 3720 plurima
469 3651 687 3714 eorumquae
706 3629 742 3694 in
762 3629 879 3694 eodem
897 3652 1017 3717 campo
1037 3630 1310 3697 adnumerantur
1329 3640 1363 3697 et
1384 3631 1443 3696 Sa*

300 3755 396 3822 turni
415 3754 519 3820 curia.
539 3754 626 3819 Cum
651 3753 710 3819 illa
730 3761 764 3819 et
783 3755 860 3820 aliis
880 3755 987 3820 currit
1018 3756 1159 3821 Morbus
1180 3794 1220 3806 --

234 3882 277 3944 Ξῖ)
879 3880 1032 3945 Meroida
1050 3881 1145 3946 lento

301 4005 502 4092 Ingreditur
521 4027 637 4093 passu,
657 4003 766 4069 macie
791 4004 936 4086 defecta,
958 4006 1096 4092 situque

302 4130 449 4213 Tabida,
467 4130 590 4196 liventi
610 4139 730 4195 tenues
750 4130 806 4195 cui
826 4131 889 4195 sub
909 4140 987 4195 oute
1006 4154 1127 4214 venae,

302 4255 449 4321 Exsucci
468 4255 635 4340 nervique
653 4262 790 4339 sonant,
811 4255 938 4320 arteria
959 4257 1135 4341 queisoum

395 4455 427 4506 Q
444 4455 611 4519 l‘odcnsque
