3390 5122
663 437 802 483 rounam
823 436 926 480 Buvul

300 763 639 868 rouunuvs
675 763 943 868 euvuvs
980 758 1301 866 romnus.
1391 722 1547 878 ἔξω

222 1042 298 1117 DE
346 1038 617 1116 LAMPADE
664 1035 987 1117 VENATORIA
1041 1034 1367 1165 LOGIOQRVM.

676 2135 703 2198 Ι.
728 2134 913 2199 1111111111.

179 2361 201 2426 5
312 2356 424 2443 Prope
436 2356 591 2422 divinam
605 2357 853 2444 possessionem
873 2357 1025 2445 adeptio,
1043 2356 1250 2423 laboriosam
1269 2356 1369 2444 adep

224 2483 354 2549 tionem
366 2483 538 2569 inventio,
555 2483 762 2549 industriam
778 2482 1016 2549 inventionem
1030 2481 1250 2570 perquisitiO,
1268 2482 1371 2548 soler-

224 2615 294 2675 tem
313 2609 599 2696 perquisitionum
619 2611 693 2694 lux,
712 2608 870 2676 vividum
892 2610 980 2676 lueis
999 2609 1116 2695 iguem
1136 2606 1369 2675 machinantis

224 2733 429 2802 intentionis
459 2743 661 2823 apparatus,
688 2735 799 2824 ipsam
828 2735 979 2824 pervigil
1013 2736 1179 2824 appulsus
1211 2735 1369 2800 volunta-

224 2861 283 2944 tis,
306 2860 397 2928 hane
416 2862 495 2930 finis
514 2862 665 2949 bonique
688 2862 916 2951 adipisoibilis
935 2860 1163 2950 apprehensio
1186 2858 1369 2949 praecedat
1413 2864 1417 2875 '

161 2996 205 3059 10
227 2994 372 3074 oportet.

668 3233 713 3297 Π.
738 3233 926 3297 Muueuvn.

312 3474 481 3542 Possibile
498 3475 769 3562 capessibileque
787 3474 931 3561 bonum,
952 3476 1044 3563 quod
1063 3477 1244 3564 proposuit
1263 3476 1301 3542 in
1320 3499 1370 3542 ar-

224 3604 270 3670 tis
288 3601 391 3668 huius
420 3601 536 3668 fronte
564 3601 817 3690 Peripateticus
845 3603 1022 3691 princepe,
1042 3609 1094 3668 est
1122 3613 1161 3668 ut
1190 3603 1369 3669 inventam

225 3728 453 3815 adeptamque
472 3726 720 3813 possideamus,
745 3751 850 3814 qutun
870 3729 946 3815 quis
965 3751 1037 3794 non
1060 3752 1240 3816 perperam
1260 3729 1370 3794 inten-

160 3850 201 3914 15
224 3853 315 3918 (terit
333 3851 621 3939 perquisieritquo
636 3853 745 3938 viam,
764 3856 905 3941 uttpote
922 3877 988 3940 qua
1005 3854 1048 3920 de
1067 3877 1271 3940 quoeunque
1290 3877 1369 3941 pro·
1394 3857 1427 3923 2
1439 3857 1485 3919 Ρ

225 3979 373 4045 blemate
392 4001 434 4043 ex
459 3977 713 4045 universalibus
729 3980 1007 4066 argumentando
1026 4003 1272 4068 proponamus
1292 4001 1368 4067 pro·

225 4103 384 4192 ponendo
416 4112 713 4189 argumentemur,
747 4106 1009 4173 determinando
1040 4105 1305 4194 respondeamus
1335 4111 1369 4170 et

225 4228 463 4318 respondendo
483 4228 759 4297 determinemus.

1019 4403 1359 4413 ---—-————-—--

319 4503 335 4551 3
351 4501 500 4553 SOHALA
515 4500 540 4550 Ρ
