3390 5122
318 400 376 460 126
754 417 893 464 reamur
913 418 1016 465 nnvm

317 573 559 660 distinguitur,
573 575 624 642 ita
636 576 673 640 in
696 577 892 664 proposilto
909 577 951 642 ab
972 576 1092 643 ordine
1108 577 1256 662 quodam
1272 575 1382 642 veluti
1399 598 1460 641 na·
1485 579 1546 642 31

309 705 415 765 turae
438 699 653 786 designantis
676 707 711 766 et
734 701 819 767 artis
844 702 988 769 inventa
1005 711 1039 768 et
1058 701 1228 788 inquisita
1252 699 1460 788 explicantis

316 825 590 912 progredientes,
606 826 703 913 prius
722 827 960 913 cognoscimus
983 850 1093 894 unum
1117 826 1290 912 quoddam
1315 825 1459 890 immen-

317 973 390 1016 sum
404 956 439 1015 et
448 950 712 1017 interminatum
732 952 916 1036 obiectum,
931 959 1007 1018 tum
1019 953 1175 1040 spacium
1193 958 1298 1037 atque
1309 956 1462 1038 recepta·

273 1085 294 1150 5
318 1076 446 1160 culum,
473 1083 548 1142 tum
572 1099 695 1165 corpus
718 1077 756 1143 in
779 1101 818 1145 eo
841 1079 1059 1166 receptaculo
1088 1083 1193 1163 atque
1221 1076 1356 1164 spacio,
1386 1083 1461 1141 tum

317 1202 507 1288 specierum
538 1227 581 1268 ex
612 1203 676 1269 tali
707 1204 853 1270 materia
890 1203 1155 1271 coalescentium
1188 1200 1460 1268 multitudinem.

317 1327 465 1393 Proinde
488 1327 526 1394 in
548 1328 686 1395 infinito
711 1351 753 1394 ex
776 1329 1088 1395 innumerabilibus
1116 1350 1224 1394 unum
1252 1327 1374 1393 finitae
1404 1347 1461 1392 no·

316 1460 408 1519 strae
436 1453 623 1520 sensitivae
649 1455 827 1540 potentiae
854 1455 1027 1521 obiectum
1056 1455 1212 1542 spacium
1242 1452 1462 1540 agnoscimus

318 1578 465 1664 caelum,
486 1580 577 1665 quod
600 1581 726 1668 vulgus
750 1581 922 1668 vertigine
941 1571 1058 1646 diuini
1077 1586 1191 1646 motus
1216 1587 1251 1645 et
1269 1578 1463 1644 visibilium

253 1710 296 1775 10
318 1705 495 1771 stellarum
518 1707 630 1793 specio
653 1706 882 1772 terminatum
912 1706 1154 1793 apprehendit,
1175 1712 1211 1771 et
1233 1703 1462 1790 relinquimus

318 1830 371 1895 illi
402 1830 572 1896 caelorum
589 1830 839 1915 ¹distinctiones
863 1832 940 1897 illas
964 1839 1068 1917 etque
1091 1852 1252 1896 numeros
1276 1837 1311 1895 et
1340 1851 1462 1893 eorun-

318 1959 396 2024 dem
426 1959 464 2023 in
493 1959 607 2024 varias
636 1960 797 2047 sphaeras
827 1961 1043 2047 singulorum
1074 1959 1367 2042 distributionem,
1399 1958 1463 2023 cle-

319 2086 480 2153 mentalis
513 2088 597 2152 item
627 2087 779 2173 regionis
807 2089 933 2154 scalam
965 2095 1068 2174 atquo
1098 2088 1278 2171 terminos,
1304 2093 1338 2151 et
1366 2085 1460 2172 globi

184 2238 196 2266 ο
318 2214 419 2280 istius
443 2237 485 2279 ex
507 2220 600 2279 terra
619 2221 653 2278 et
673 2237 762 2299 aqua
782 2222 948 2300 tanquam
972 2214 1105 2280 duobus
1128 2214 1307 2280 elementis
1331 2213 1369 2278 in
1393 2236 1463 2278 ma-

253 2342 295 2408 lb
318 2363 387 2428 gna
412 2340 659 2426 compositione
681 2340 1026 2427 praedominantibus
1050 2342 1166 2407 taliter
1190 2339 1363 2428 effigurati
1388 2339 1464 2405 uui-

319 2467 468 2534 versales
492 2474 617 2554 partes.
641 2466 890 2532 Descendimus
915 2466 959 2532 ad
984 2467 1171 2554 peculiaria
1199 2467 1462 2554 communiaque

319 2593 407 2676 loca,
431 2592 469 2657 in
498 2592 622 2677 quibus
646 2592 800 2680 operatio
825 2616 943 2658 sensus
971 2593 1105 2658 externi
1132 2592 1319 2680 pedisequa
1343 2616 1464 2658 sensus

318 2718 450 2784 interni
473 2717 748 2805 cooperationem
779 2716 936 2801 adiuvat,
967 2724 1001 2783 et
1031 2718 1076 2784 ad
1098 2719 1135 2784 id
1158 2719 1336 2785 distinctio
1362 2718 1464 2784 uobis

319 2843 465 2930 triginta
482 2843 716 2909 communium
731 2842 885 2908 locorum
908 2851 1085 2909 succurrat
1104 2851 1257 2931 oportet,
1278 2843 1463 2930 quominus

253 2976 297 3040 20
320 2993 438 3037 corum
457 2970 593 3036 defectu
612 2968 668 3036 vel
691 2992 808 3035 eorum
832 2970 1122 3056 multiplicatione
1152 2972 1347 3056 turbemur,
1376 2979 1467 3035 tam·

320 3120 423 3183 quam
442 3095 664 3184 paucioribus
687 3096 797 3162 veluti
820 3096 978 3161 cruribus
1002 3097 1252 3177 claudicantem
1276 3096 1331 3162 vel
1355 3095 1465 3183 pluri-

319 3224 383 3289 bus
402 3245 506 3309 quam
523 3246 587 3310 par
606 3222 652 3289 sit
671 3221 814 3288 adiectis
834 3223 1004 3310 occupati.

769 3561 921 3628 CAPVT
950 3560 1013 3626 III.

763 3736 766 3742 .
813 3708 895 3747 Forma
911 3708 972 3747 atrii.

254 3933 297 3996 ‘25
409 3923 550 3989 Atrium
574 3945 656 4011 ergo
680 3922 958 4009 quadrangulare
986 3921 1205 3988 efformatum
1229 3921 1463 4009 intelligatur,

324 4050 421 4116 cuius
450 4058 606 4115 centrum
636 4056 687 4115 est
718 4047 821 4114 tellus
854 4055 888 4113 et
915 4048 1048 4129 oculus,
1082 4058 1229 4133 quatuor
1257 4049 1464 4134 angulorum

324 4200 413 4242 unus
433 4176 479 4241 sit
498 4175 658 4260 orientis,
679 4174 857 4261 oppositus
881 4180 933 4239 est
957 4173 1165 4258 occidentis,
1191 4181 1226 4240 et
1249 4175 1397 4240 duorum
1416 4197 1464 4239 re-

321 4303 496 4388 liquorum
525 4301 774 4367 diametraliter
807 4300 1043 4388 oppositorum
1074 4301 1161 4367 alter
1184 4302 1304 4389 anguli
1332 4309 1465 4389 septen-

417 4483 448 4531 19
465 4487 588 4547 oportet.
604 4480 666 4542 Quo
680 4481 777 4531 minus
839 4480 872 4529 28
888 4496 925 4543 aq.
940 4478 1136 4545 Septentionis
