3390 5122
573 447 617 489 DE
638 447 794 491 taurana
816 448 1015 494 VENATORIA.

658 711 721 775 ΠΙ.
746 710 932 775 Munnnvu.

311 981 360 1045 At
377 979 454 1065 quis
472 1001 543 1046 non
562 978 647 1044 adeo
663 979 884 1044 vehementer
903 986 937 1045 et
956 979 1075 1065 altius,
1097 980 1156 1044 sed
1172 981 1271 1066 quasi
1289 982 1368 1047 sub-

222 1105 360 1172 missius
379 1111 483 1191 atqua
501 1104 637 1171 sobrius
656 1103 693 1169 in
712 1127 789 1170 eum
808 1106 912 1170 finem
932 1105 1062 1170 iudicat
1082 1105 1365 1192 incumbendum,

222 1230 406 1317 quominus
433 1229 502 1297 tria
531 1229 629 1316 haec,
654 1252 724 1296 non
753 1253 879 1296 vanam
909 1230 1039 1296 scilicet
1070 1231 1365 1315 exercitationem,
1400 1278 1403 1284 -

178 1353 200 1415 5
222 1357 337 1421 miuus
356 1355 465 1421 otiosa
485 1355 670 1441 colloquia,
690 1355 1032 1443 philosophicamque
1048 1356 1192 1422 minime
1212 1357 1366 1423 omnium

222 1481 566 1568 praetermittendam
591 1481 919 1568 contemplationem
949 1480 1088 1546 tandem
1120 1481 1300 1548 videamur
1318 1505 1367 1547 as·

222 1607 372 1692 sequuti;
393 1607 474 1672 dum
493 1606 605 1694 primo
630 1606 830 1673 methodum
854 1606 1112 1691 subministrat,
1137 1607 1266 1692 quade
1286 1631 1367 1693 quo·

222 1755 357 1818 cunque
379 1732 557 1820 proposito
582 1733 831 1818 argumentari,
856 1733 1004 1798 secundo
1029 1756 1172 1798 examen
1196 1733 1363 1820 suggerit,

223 1880 289 1944 quo
309 1858 497 1924 multorum
522 1857 757 1924 adnumeratis
782 1858 1003 1945 opinionibus
1023 1881 1093 1924 non
1117 1882 1135 1922 o
1158 1859 1363 1944 peregrinis,

157 1985 200 2049 10
222 1983 281 2049 sed
300 2006 341 2048 ex
360 1982 548 2050 domestica
568 1984 784 2070 singularum
801 1983 1036 2049 doctrinarum
1056 1983 1168 2070 specie
1187 2006 1258 2050 non
1277 1985 1364 2051 bene

221 2109 468 2175 disserentibus
485 2109 649 2194 obiicere,
664 2110 767 2176 tertio
784 2109 954 2174 trutinam
966 2108 1218 2192 adcommodat,
1236 2132 1304 2194 qua
1320 2110 1364 2175 ad

221 2243 404 2322 utramque
424 2239 429 2316 1
450 2235 733 2313 contradictionis
745 2242 880 2322 partem
892 2235 1052 2300 dubitare
1064 2241 1232 2322 potentes,
1247 2235 1283 2300 in
1298 2235 1365 2300 sin·
1390 2235 1488 2297 '715
1504 2232 1544 2298 G

220 2362 311 2449 gulis
330 2368 429 2428 tanto
449 2362 585 2427 facilius
610 2360 694 2446 quid
719 2383 838 2427 verum
864 2360 989 2446 quidve
1008 2360 1136 2426 falsum
1156 2361 1364 2427 censendum

220 2488 266 2554 sit
289 2487 470 2553 decernere
498 2494 533 2552 et
555 2487 698 2552 definire
720 2486 911 2573 possimus?
938 2487 1365 2575 Sicutenim,postqua1n

156 2618 197 2683 15
220 2615 315 2679 velut
334 2622 407 2680 arte
426 2613 629 2701 depurativa
649 2637 690 2679 ex
709 2613 855 2700 quadam
877 2614 1023 2680 aliorum
1038 2615 1257 2680 mineralium
1275 2638 1364 2681 com·

221 2740 387 2807 mixtione
404 2747 622 2827 segregatum
638 2747 691 2804 est
705 2762 840 2822 aurum,
861 2740 973 2828 ipsum
994 2741 1213 2807 metallorum
1232 2742 1362 2828 precio·

220 2865 393 2932 sissimum
422 2865 521 2932 faber
554 2865 711 2932 aurarius
740 2872 984 2951 expurgatum,
1017 2866 1228 2951 exquisitum
1259 2874 1363 2952 atque

218 2992 403 3079 probatum
440 2990 612 3077 accipiens
648 2990 817 3075 extendit,
854 2990 925 3056 dila
943 2999 979 3056 at
1007 2998 1041 3056 et
1070 2991 1113 3057 ad
1144 2998 1254 3058 certas
1284 2993 1361 3059 fuso

220 3116 508 3202 configurationes
531 3116 656 3200 utitur,
685 3123 719 3181 et
751 3124 853 3181 ornat
884 3116 1069 3200 officinam3
1101 3117 1150 3182 ita
1181 3126 1259 3204 post
1286 3142 1362 3205 pro-

152 3245 197 3309 20
218 3241 331 3307 blema
348 3241 411 3307 sub
423 3240 670 3307 discussionem
686 3241 878 3322 altercatio!
888 3264 1034 3328 nemque
1047 3241 1197 3329 positum
1214 3243 1361 3309 subinde
1386 3243 1418 3306 3
1432 3245 1477 3305 P

219 3367 347 3450 evenit,
376 3372 416 3432 ut
450 3366 537 3432 citra
567 3366 824 3433 incertitudinis
854 3367 959 3432 ullius
989 3367 1292 3452 inquinamentum
1322 3392 1364 3433 ex

218 3491 342 3579 positis
365 3499 470 3577 atque
494 3492 674 3577 concessis,
698 3491 854 3580 probatis
879 3499 913 3557 et
935 3491 1170 3576 evidentibus,
1196 3493 1363 3580 apodicti-

219 3639 278 3681 cae
298 3616 526 3683 conclusionis
546 3617 669 3682 babitn
687 3616 859 3683 humanae
877 3618 1023 3687 rationis
1043 3618 1209 3705 apotheca
1229 3619 1362 3685 decore-

218 3749 285 3808 tur.
310 3741 367 3807 Sic
390 3742 502 3828 primo
526 3742 711 3828 dirigimur
746 3743 783 3808 in
815 3743 920 3825 viam,
953 3743 1101 3833 secundo
1131 3743 1174 3808 ad
1203 3766 1361 3828 congres-

152 3874 195 3938 25
219 3891 294 3935 sum
309 3868 523 3951 roboramur,
541 3868 646 3935 tertio
660 3869 776 3934 oculos
792 3869 890 3953 quasi
906 3869 1096 3954 caligantes
1112 3870 1362 3955 abstergimus,

218 3994 298 4059 dum
319 3993 402 4058 haec
421 3992 532 4080 primo
552 3993 752 4059 semitarum
776 3993 902 4059 notitia
920 3995 1079 4080 pervium
1099 4002 1203 4079 atque
1225 3995 1362 4060 facilem

218 4118 312 4205 scopi
328 4118 422 4183 illius
441 4117 485 4183 ad
508 4141 609 4204 quem
630 4119 852 4184 collineamns
876 4119 989 4184 reddit
1010 4127 1193 4202 attactum,
1214 4120 1362 4185 secundo

310 4360 326 4410 3
350 4361 464 4412 sobrius
493 4360 557 4410 I'A:
587 4362 683 4411 sobrie
712 4361 735 4410 G
815 4363 844 4410 1⁴1
869 4361 1037 4424 possimus?
1062 4359 1130 4409 I'A:
1160 4360 1313 4424 possimus.
1339 4360 1362 4409 G

218 4444 250 4492 16
273 4442 367 4507 ipsum
387 4442 452 4491 Pr:
475 4443 536 4507 ipso
560 4441 583 4490 G
647 4441 932 4506 pretiosissimum}
993 4443 1026 4491 ‘23
1046 4442 1187 4490 hnmanae
1208 4441 1234 4488 l'
1298 4455 1363 4505 apo-

219 4523 303 4573 theca
317 4520 354 4573 G:
370 4522 509 4588 apotecha
521 4522 570 4571 ΡΑ

351 4617 429 4657 Buca!
445 4617 499 4667 Opp.
515 4618 556 4655 lut.
572 4616 604 4665 ll,
623 4616 644 4656 3.
1191 4614 1204 4655 δ
