3390 5122
565 432 611 479 DE
630 435 788 479 usnemu
807 434 1010 480 taxarum.

480 673 702 740 ANGVLVS
736 672 1106 741 DESCRIPTIONIS.

665 1027 710 1092 11.
735 1027 921 1092 Murrum.

309 1213 363 1277 Ex
381 1212 445 1278 hoc
464 1213 540 1299 ipso
567 1213 677 1299 igitur
699 1213 923 1299 proximeque
946 1212 1166 1300 praecedenti
1189 1218 1288 1298 septo
1311 1209 1368 1276 de·

220 1336 421 1424 scriptionis
444 1337 596 1403 rationes
619 1336 903 1423 conditionesque
931 1338 1106 1403 desumere
1135 1337 1232 1420 licet,
1257 1359 1300 1402 ex
1326 1359 1367 1403 eo

177 1468 199 1532 ἵ)
221 1463 315 1528 enim
333 1462 520 1550 descriptio
539 1463 584 1529 ab
603 1470 723 1529 exacta
739 1463 940 1530 definitione
959 1464 1089 1545 differt,
1110 1463 1201 1550 quod
1216 1463 1300 1529 haec
1315 1486 1369 1528 es-

220 1589 361 1655 sentiali
387 1589 586 1655 differentia
610 1590 791 1656 acaetcris
819 1591 980 1655 omnibus
1007 1589 1070 1656 sub
1099 1589 1212 1675 posito
1239 1611 1365 1675 genere

221 1714 412 1781 subiectam
426 1716 576 1803 speciem
588 1715 819 1798 disterminat,
838 1715 925 1781 illud
940 1736 1023 1780 vero
1037 1714 1213 1780 accidente
1226 1712 1366 1801 proprie

222 1841 376 1928 proprio,
397 1841 489 1928 quod
509 1842 672 1907 convenit
687 1842 797 1926 omni,
816 1841 881 1907 soli
904 1848 1009 1926 atque
1033 1863 1167 1928 semper
1186 1839 1217 1904 ei
1236 1839 1279 1906 de
1297 1860 1367 1925 quo

220 1966 428 2032 verificetur.
450 1967 518 2034 Ubi
547 1989 629 2032 vero
657 1967 816 2033 accidens
835 1974 887 2032 est
906 1966 1045 2054 quidem
1072 1976 1148 2055 pro!
1155 1965 1284 2052 prium,
1305 1964 1366 2031 sed
1390 1967 1519 2032 681²

157 2098 201 2163 10
221 2114 292 2157 non
321 2093 387 2159 toti
406 2093 570 2158 convenit
600 2093 739 2178 speciei,
759 2101 799 2158 ut
817 2091 1054 2178 astrologatile
1084 2090 1233 2175 homini,
1258 2091 1367 2157 levior

221 2219 289 2284 erit
312 2218 463 2284 hominis
487 2218 685 2306 descriptio,
705 2219 881 2284 levissima
907 2239 989 2283 vero
1013 2218 1042 2283 si
1062 2216 1165 2282 exiis
1188 2239 1276 2302 quae
1295 2238 1365 2281 uon

221 2352 389 2431 perpetuo
407 2345 580 2430 (quamvis
599 2344 676 2426 soli)
696 2344 917 2410 conveniunt.
938 2345 1079 2408 Praeter
1101 2341 1187 2408 haee
1205 2364 1286 2407 vero
1305 2341 1366 2406 ubi

221 2469 309 2534 alius
324 2471 461 2555 generis
477 2469 715 2535 accidentibus
735 2477 951 2535 contractum
966 2490 1075 2554 genus
1088 2468 1130 2533 de
1143 2467 1256 2553 specie
1271 2489 1368 2554 proe-

221 2594 331 2660 dicari
354 2595 553 2681 contigerit,
574 2595 671 2661 nulla
693 2617 834 2683 prorsus
859 2594 1045 2660 artificiosa
1069 2593 1198 2680 poterit
1220 2615 1293 2658 esse
1311 2591 1367 2656 de·

159 2731 200 2794 15
224 2719 377 2808 scriptio.
408 2722 473 2786 Est-
491 2728 608 2787 autem
630 2728 666 2786 ct·
691 2721 786 2786 locus
812 2719 1004 2786 communis
1031 2742 1108 2784 eum
1136 2718 1366 2805 descriptione

222 2845 431 2931 definitioni,
448 2847 541 2932 quod
563 2847 667 2913 sicui
687 2854 806 2912 contra
830 2853 938 2911 totam
963 2843 1229 2931 descriptionem
1248 2841 1367 2909 defini-

221 2971 423 3056 tionemque
446 2979 651 3058 argumenta
680 2994 751 3037 non
770 2977 971 3058 suppetant,
993 2971 1074 3057 quia
1094 2970 1207 3057 ipsum
1227 2970 1276 3033 ito
1295 2989 1365 3033 non

221 3103 273 3161 est
292 3104 465 3184 apertum,
487 3104 607 3162 contra
625 3104 759 3184 partem
778 3102 911 3179 notam,
929 3118 1017 3182 quae
1036 3103 1128 3160 recte
1147 3093 1276 3160 tradita
1295 3116 1365 3159 non

220 3220 393 3307 videatur,
426 3230 478 3288 est
508 3221 697 3309 agendum
726 3221 948 3288 manifestum
979 3227 1031 3287 est
1060 3221 1151 3285 enirn
1180 3219 1272 3305 quod
1301 3219 1366 3284 hac

154 3355 199 3420 20
221 3369 339 3413 eversa
359 3354 471 3413 totum
488 3370 556 3413 non
575 3347 750 3414 subsistet.

543 3588 675 3652 AGER
709 3587 1044 3654 DEFINI'PIONIS.
1388 3587 1496 3652 '763
1511 3586 1552 3653 G

672 3912 699 3977 I.
724 3912 909 3976 Murmuvu.

309 4096 352 4162 In
382 4120 464 4183 agro
492 4097 705 4162 definitionis
735 4097 847 4184 prima
867 4096 962 4162 sedes
990 4096 1099 4181 exigit
1123 4104 1163 4161 ut
1192 4096 1366 4180 videatur,

221 4244 266 4288 an
297 4222 531 4307 indefinitum,
551 4222 858 4289 indeterminatum
886 4221 1130 4307 infinitumque
1158 4244 1221 4309 pro
1240 4245 1365 4307 genere

559 4398 618 4405 ...κ
815 4398 970 4406 ——--
1233 4398 1361 4407 --·---—-

317 4490 334 4539 2
349 4491 508 4542 Membrnm
525 4491 546 4540 I.
564 4492 587 4539 (ἕ
