3390 5122
326 399 385 458 308
764 398 901 462 10000οι
924 415 1023 461 earm

324 578 440 658 partes
463 572 593 638 secabo.
615 573 682 638 Sed
704 573 748 638 ad
771 574 835 638 hoc
858 573 943 640 facit
965 581 1083 639 000001
1099 594 1201 656 quem
1224 568 1461 634 ordinavimus

324 697 597 784 simplicissimus
630 698 834 784 triangulus.
867 699 922 763 Ad
954 697 1150 780 generalem
1182 718 1264 761 vero
1305 693 1463 779 designa

324 821 454 887 tionem
476 822 615 888 termini
635 826 795 909 vulgares
814 823 992 890 duodecim
1013 823 1191 908 signorum
1211 819 1398 907 capiuntur
1421 818 1465 883 ad

323 946 419 1032 polos
446 945 577 1011 zodiaci
607 955 642 1012 et
673 948 800 1013 lineam
830 947 1040 1036 eclipticam,
1059 948 1115 1011 vel
1142 946 1186 1012 ad
1214 945 1313 1032 00100
1342 941 1462 1009 mnndi

279 1083 300 1145 5
324 1082 358 1139 et
380 1075 507 1141 lineam
531 1076 826 1162 aequinoctialem.

757 1444 910 1509 CAPVT
945 1443 1028 1509 XII.

726 1628 829 1677 Sigillum
845 1629 883 1669 XI.
900 1628 982 1669 Orbita
996 1631 1062 1669 caeli.

412 1911 587 1977 Describit
607 1913 719 1998 cyclos
739 1910 825 1977 caeli
845 1912 957 1977 orbita
978 1911 1006 1977 si
1025 1913 1139 2000 placet
1159 1921 1252 1990 octo,

321 2039 389 2115 Qui
408 2037 509 2103 facile
528 2037 564 2102 in
583 2044 700 2125 partes
719 2036 892 2102 duodenas
912 2037 1182 2120 distribuentur,

255 2171 298 2234 10
320 2161 373 2228 Ac
390 2162 536 2229 totidem
554 2160 703 2227 referent
723 2161 808 2228 caeli
826 2162 924 2228 vario
944 2163 1063 2231 ordine
1080 2163 1189 2250 signa.

319 2289 352 2353 A
371 2296 488 2354 centro
507 2288 623 2354 radius
642 2289 771 2375 parteis
790 2287 976 2358 distinctus
994 2288 1032 2354 in
1052 2300 1143 2375 oct0‚

319 2417 361 2481 In
381 2413 506 2500 quibus
525 2421 577 2496 (ut
592 2415 730 2501 vulgus)
750 2421 881 2501 septem
900 2413 1057 2480 describo
1076 2415 1235 2501 planetas

318 2541 450 2623 Plures,
472 2546 532 2605 aut
551 2561 684 2604 omnes:
705 2538 792 2604 serie
812 2544 1024 2605 monstratur
1040 2550 1160 2627 aperta

317 2665 367 2731 Ut
385 2665 443 2729 det
463 2664 626 2730 circuitus
645 2663 733 2729 radii
753 2663 901 2730 formata
920 2687 1068 2752 superne

253 2800 293 2861 15
317 2789 488 2876 Perpetuo
508 2789 602 2854 varie
621 2789 774 2855 membra
790 2788 873 2854 haec
893 2811 980 2874 quae
999 2790 1268 2857 substituuntur.

316 2913 489 2980 Circuitus
507 2914 596 2980 radii
615 2914 753 3000 quando
773 2937 861 2980 unus
880 2914 1013 3000 eritque
1032 2925 1192 3003 peractus

314 3039 490 3126 Aplamim
506 3040 638 3126 primus
657 3040 733 3105 fuet
752 3041 907 3124 ultimus,
927 3041 1033 3125 inque
1052 3065 1238 3129 supernum

315 3165 419 3230 Ferte
436 3165 549 3231 locum
569 3166 702 3230 cunctis
722 3166 813 3251 quod
833 3173 907 3231 0100
926 3165 1129 3232 submissius
1148 3168 1269 3242 istud„

315 3289 360 3352 Et
378 3299 481 3374 gyret
501 3289 629 3355 circum
649 3291 765 3356 radius
783 3290 884 3355 deinc
902 3298 993 3356 sorte
1013 3293 1175 3376 secunda,

248 3420 293 3483 20
316 3413 381 3479 Oui
399 3415 448 3479 010
466 3415 626 3481 succedat
645 3437 717 3481 sors
736 3416 852 3496 tertia,
873 3416 1020 3503 septima
1039 3417 1189 3482 tandem.

315 3540 397 3605 Post
415 3540 498 3606 11000
518 3564 605 3625 quae
625 3541 717 3607 facta
733 3549 785 3607 cst
804 3542 994 3607 membrum
1016 3542 1161 3607 variatio
1182 3543 1225 3608 ob
1245 3567 1354 3610 unum

315 3666 482 3731 Procedat
500 3667 648 3751 geminis
666 3667 779 3754 prima
797 3689 861 3754 pro
880 3674 971 3733 sorte
987 3667 1201 3753 propinquis.

315 3791 395 3854 Mox
414 3791 596 3857 interiecto
614 3792 681 3858 duo
701 3818 736 3858 00
756 3793 964 3858 comitentur
980 3793 1023 3858 ab
1042 3816 1124 3877 unc,

315 3916 476 3981 Pluribus
495 3916 576 3982 inde
595 3918 660 3982 siet
679 3917 895 3983 consortibus
914 3918 990 3999 1010,
1011 3919 1054 3983 ad
1073 3941 1189 4003 usque.

247 4040 290 4102 25
315 4038 441 4106 Omnes
462 4042 505 4106 ad
528 4065 709 4108 numerum
730 4043 900 4108 revocaris
920 4043 1020 4108 hasce
1039 4045 1184 4130 figuras,

314 4162 389 4238 Quo
407 4165 618 4251 perquisitas
638 4166 767 4252 0000100
786 4166 852 4230 tibi
872 4165 1120 4252 significentur.

318 4359 492 4367 ——-—--.-
508 4360 630 4366 ...——---
660 4361 801 4367 --—-...
819 4363 1202 4372 .———.-——

435 4472 660 4538 fimplicissimus
723 4474 925 4539 dcclypticam
990 4476 1019 4524 12
1035 4491 1073 4536 sq.
1087 4474 1124 4523 010
1198 4478 1226 4524 17
1244 4476 1398 4544 Aplaniiml
1414 4474 1452 4527 sic
