3390 5122
233 389 292 450 332
482 403 517 448 m
539 401 628 447 roan.
650 400 752 445 namu
773 398 916 443 annno.
939 396 1129 442 nnaouaum

232 581 291 624 sex
309 557 507 644 alphabeta,
519 577 664 642 quorum
676 554 744 621 duo
755 553 945 641 posteriora
961 574 1084 618 vocare
1099 551 1197 617 lubet
1207 551 1392 636 practica,

232 684 365 770 reliqua
389 689 537 768 quatuor
560 680 757 747 theoretica.

321 808 501 874 Primum
530 806 795 894 alphabetum
819 806 1013 873 continet
1035 804 1232 871 terminos
1256 827 1393 891 gene·

232 935 352 1019 rales,
367 933 426 1021 qui
442 934 479 999 in
499 932 654 1018 qualibet
671 931 778 998 ferme
790 932 945 999 oratione
957 936 1152 998 occurrunt.
1169 929 1394 997 Scribantur

188 1056 209 1119 5
232 1060 351 1147 itaque
365 1059 486 1125 literae
501 1057 679 1145 alphabeti
697 1056 816 1125 ordine
828 1056 866 1122 in
878 1057 994 1142 aliquo
1006 1055 1096 1122 libro
1113 1055 1283 1122 oratoriae
1305 1055 1311 1144 Ι
1332 1055 1393 1122 fa-
1423 1061 1493 1126 15
1506 1061 1553 1124 F

232 1186 356 1253 cultati
373 1184 559 1269 destinato,
578 1190 612 1249 et
631 1181 771 1248 termini
791 1205 811 1247 a
829 1182 947 1259 Bruno
967 1181 1119 1269 expressi
1141 1180 1179 1247 in
1202 1179 1392 1268 capitibus

231 1312 437 1399 paginarum
453 1315 643 1397 ponantur,
664 1307 809 1394 ad'quos
824 1314 991 1393 tanquam
1009 1307 1102 1372 locos
1121 1328 1322 1373 communes
1347 1315 1393 1374 et

230 1434 352 1503 titulos
375 1435 570 1502 referantur
593 1432 710 1499 variae
729 1430 910 1516 formulae,
935 1454 966 1497 v.
986 1453 1018 1518 g.
1039 1431 1103 1499 sub
1127 1430 1234 1497 classe
1254 1431 1287 1495 A
1308 1431 1393 1498 sint

231 1560 385 1644 termini,
410 1558 535 1645 quibus
559 1557 692 1643 aliquid
714 1579 787 1623 esse
810 1557 866 1623 vel
889 1578 960 1622 non
987 1579 1059 1622 esse
1088 1555 1279 1640 iudicatur,
1315 1557 1393 1623 sub

130 1727 132 1730 -
167 1687 210 1751 10
231 1685 332 1751 litera
351 1684 381 1749 Ε
399 1684 596 1750 scribantur
610 1682 752 1749 termini
768 1681 1012 1772 affirtmantes,
1029 1689 1069 1748 ut
1087 1682 1155 1765 ai0,
1173 1702 1312 1765 censae,
1334 1681 1396 1748 iu·
1429 1687 1530 1752 119
1545 1684 1580 1751 G

231 1810 308 1877 dico
331 1815 404 1893 eta,
425 1816 460 1876 et
475 1807 684 1895 negationiS,
701 1815 741 1874 ut
758 1807 908 1890 inficior,
934 1806 1091 1894 repudi0,
1111 1806 1285 1894 improb0,
1305 1829 1336 1871 c.
1354 1808 1394 1874 3.

319 1933 545 2000 Secundum
565 1933 835 2020 alphabetum
859 1938 920 1998 est
943 1932 1283 1999 indumentorum
1310 1955 1340 1998 c.
1355 1934 1395 1999 4.

231 2057 439 2124 Indumenta
460 2065 562 2124 vocat
585 2057 722 2140 author,
742 2057 824 2143 quia
847 2079 918 2123 non
948 2063 1107 2144 spectant
1137 2055 1182 2123 ad
1209 2056 1394 2124 orationis

230 2183 423 2266 materiam,
440 2182 499 2248 sed
512 2189 650 2248 tantum
667 2182 711 2248 ad
727 2183 955 2250 extrinsecam
971 2181 1134 2264 formam,
1153 2180 1256 2246 sicuti
1273 2183 1396 2248 vesti-

166 2307 206 2370 15
229 2313 347 2373 menta
369 2329 440 2373 non
463 2316 546 2373 sunt
569 2308 611 2374 de
634 2308 783 2375 essentia
806 2307 971 2395 eorporiS,
997 2306 1056 2373 sed
1085 2306 1179 2372 illius
1203 2306 1391 2374 duntaxat

229 2431 402 2498 adiuncta.
432 2434 472 2498 Ε.
500 2456 532 2520 g.
561 2432 607 2500 sit
636 2432 722 2499 haee
748 2432 966 2499 enunciatio:
995 2432 1088 2498 Deus
1118 2439 1170 2498 est
1202 2432 1387 2502 colendus.

228 2558 324 2625 Haec
339 2558 520 2625 deducitur
534 2580 596 2646 per
608 2558 727 2624 literas
743 2557 837 2623 illius
853 2556 969 2645 alphal
979 2557 1065 2639 beti,
1078 2564 1119 2624 ut
1130 2579 1192 2642 per
1204 2556 1250 2622 A:
1263 2556 1390 2626 Deum
1426 2567 1498 2630 16
1511 2568 1557 2631 F

229 2705 301 2750 esse
324 2683 504 2750 colendum
523 2683 632 2750 dictat
651 2683 757 2766 rati0,
777 2706 839 2770 per
858 2683 902 2747 B:
920 2682 999 2749 Non
1016 2691 1102 2771 puto
1119 2705 1192 2749 esse
1208 2681 1268 2770 qui
1281 2681 1390 2751 dicat

228 2809 341 2875 Deum
359 2831 430 2875 non
448 2831 521 2875 esse
537 2808 730 2893 colendum,
747 2830 809 2896 per
833 2809 874 2873 0:
894 2807 1022 2875 Omnes
1041 2810 1091 2874 ita
1110 2808 1266 2875 sentiunt
1290 2816 1359 2875 eto.

162 2930 207 2992 90
317 2932 596 3020 Alphabetum
620 2934 788 3000 tertium
812 2941 872 2999 est
897 2934 1116 3016 modorum,
1138 2933 1197 3020 qui
1217 2940 1300 2999 sunt
1320 2958 1388 3001 ve-

227 3057 281 3123 lut
300 3058 442 3140 coloreS,
468 3059 593 3143 quibus
615 3058 819 3125 indumenta
842 3059 952 3127 imbui
976 3065 1011 3125 et
1035 3058 1194 3125 exornari
1213 3067 1384 3146 possunt,

228 3181 371 3266 debent,
396 3206 444 3248 ca.
468 3184 512 3268 5.,
533 3184 594 3249 ubi
613 3184 764 3251 traditur
782 3207 863 3251 usus
882 3184 996 3286 allatis
1021 3184 1196 3272 exemplis.

316 3307 514 3394 Alphabeta
542 3308 609 3374 ista
638 3309 718 3394 duo,
748 3309 936 3375 secundum
964 3309 1126 3375 videlicet
1154 3316 1188 3375 et
1211 3309 1383 3396 tertium,

228 3432 471 3499 combinantur
496 3456 523 3498 c.
550 3435 580 3498 6.

161 3559 205 3623 25
318 3556 595 3644 Alphabetum
652 3568 842 3645 quartum
898 3568 960 3626 est
1005 3561 1383 3649 complicationis,

229 3702 301 3768 cap.
315 3682 343 3746 7.
356 3684 387 3747 8.
401 3684 440 3764 9.,
454 3684 514 3749 ubi
534 3684 790 3770 elegantissima
802 3687 952 3752 occurrit
963 3685 1168 3752 variationis
1184 3686 1287 3770 ratio,
1305 3708 1381 3772 qua

227 3827 296 3870 una
321 3811 414 3873 totus
438 3808 544 3873 ferme
568 3809 704 3875 Erasmi
728 3809 815 3876 liber
833 3812 965 3897 primus
990 3812 1048 3876 De
1083 3811 1202 3898 copia
1232 3811 1382 3876 verbo-

227 3955 315 3999 rum
339 3934 544 4000 continetur.
566 3936 611 3999 Et
629 3958 691 4000 nos
710 3935 783 4000 eius
803 3937 1012 4003 mentionem
1029 3937 1173 4003 fecimus
1189 3937 1227 4003 in
1251 3937 1379 4005 Thea-

226 4064 304 4141 tro,
336 4057 587 4124 Consiliario
621 4060 879 4146 Academiae,
913 4071 947 4128 et
980 4063 1121 4149 Trigis
1150 4063 1277 4130 nostris
1308 4063 1380 4131 Ca-

160 4177 206 4241 30
227 4184 401 4250 nonicis.
426 4185 495 4250 Res
520 4186 570 4251 ita
594 4184 715 4252 habet:
737 4190 741 4272 1
763 4187 878 4254 oblata
898 4189 1013 4274 aliqua
1033 4189 1287 4275 propositione,
1316 4192 1377 4257 vel
1409 4195 1481 4260 1¹?
1496 4200 1547 4262 F

318 4452 347 4498 11
365 4460 394 4499 et
408 4451 444 4499 F:
459 4452 503 4502 vel
521 4452 545 4501 (3
608 4453 639 4502 13
656 4453 793 4504 auctorG
858 4456 889 4505 22
906 4456 977 4514 (vel)
990 4456 1110 4518 debent,
1127 4457 1179 4507 cfr.
1196 4472 1254 4522 esp.
1274 4456 1328 4507 50
