3390 5122
344 373 405 434 260
480 419 482 422 Α
781 387 920 434 resumi
940 387 1042 434 samu

431 558 449 606 u
475 544 607 623 Quarta
630 565 768 611 currum
793 545 947 612 suaviter
976 544 1182 632 fulgentem,
1211 545 1271 631 qui
1294 566 1338 610 ex
1355 543 1480 610 electro

342 670 511 758 figuratus
529 669 724 756 videbatur,
739 693 801 758 per
813 671 905 737 vices
917 694 1010 738 nunc
1021 669 1244 758 pulcherrimi
1257 670 1375 758 cygni,
1387 692 1481 737 nuno

342 795 505 884 pacificae
530 797 764 883 amabilesque
787 797 978 883 columbae,
1003 819 1095 863 nunc
1122 795 1303 862 salaciores
1326 819 1480 884 passeres

343 921 543 1005 trahebant3
563 922 723 1008 quamvis
742 921 823 989 vivo
852 922 1000 1009 quodam
1018 923 1115 989 velut
1136 922 1243 988 insito
1267 922 1394 1009 spiritu
1412 944 1481 988 om-

188 1044 191 1048 *
299 1053 320 1118 5
342 1046 440 1113 nium
452 1069 624 1131 curruum,
639 1047 698 1134 qui
714 1048 865 1114 Deorum
881 1054 972 1132 sunt,
985 1047 1042 1114 hio
1057 1048 1148 1116 solus
1167 1069 1315 1136 propera
1328 1054 1364 1113 et
1379 1069 1479 1135 spon-

342 1177 444 1238 tanea
461 1172 611 1260 quadam
626 1173 758 1239 virtute
776 1171 896 1240 fertur.

431 1310 448 1358 r
475 1296 606 1375 Quinta
632 1298 753 1386 regina
784 1297 1029 1386 augustissima
1056 1298 1304 1386 triumphatrix
1340 1297 1480 1364 dextera

341 1428 515 1510 sceptrum
530 1421 673 1515 habens,
689 1424 727 1490 in
746 1424 842 1491 ouius
859 1424 1036 1491 cacumine
1055 1422 1145 1489 Solis
1176 1430 1229 1489 est
1252 1423 1381 1510 imago,
1400 1422 1482 1489 sini·

342 1552 414 1613 stra
436 1569 517 1615 vero
540 1547 682 1636 globum
701 1548 821 1616 mundi
843 1549 992 1637 figuram
1015 1549 1124 1615 stellis
1146 1547 1312 1615 caelatam
1335 1547 1481 1614 referen-

278 1676 320 1742 10
341 1675 404 1762 tis,
424 1675 462 1740 in
491 1676 588 1743 cuius
611 1675 724 1745 medio
746 1684 989 1764 transparente
1011 1675 1191 1742 luciditate
1209 1674 1325 1742 Tellus
1347 1676 1481 1744 inclusa

341 1800 491 1889 propriis
508 1801 647 1868 videtur
666 1801 885 1868 ornamentis.
902 1801 961 1867 Illi
980 1823 1080 1869 omne
1094 1823 1204 1887 genus
1222 1800 1404 1868 viventum
1422 1824 1481 1889 ap·

340 1925 504 2014 plaudere
527 1926 703 2014 videntur,
732 1927 968 2014 gratissimum
993 1926 1127 1993 cunctis
1145 1925 1255 1992 veluti
1278 1949 1416 1992 numen.
1436 1926 1479 1994 In

342 2071 444 2117 curru
462 2050 612 2118 eiusdem
628 2051 832 2139 trophaeum
847 2051 963 2118 videre
979 2057 1067 2136 erat,
1087 2050 1124 2115 in
1141 2050 1326 2136 quostiam
1346 2074 1381 2117 se
1397 2052 1480 2118 Par·

341 2197 458 2243 carum
476 2176 654 2243 victricem
672 2178 874 2244 testabatur.

276 2308 317 2373 15
429 2316 446 2363 ‘l
474 2302 580 2369 Sexta
603 2310 719 2370 statua
742 2304 897 2391 apprime
923 2302 1087 2390 pulchrae
1111 2301 1279 2387 mulieris,
1305 2302 1401 2370 cuius
1425 2326 1480 2370 su·

340 2450 402 2514 per
421 2435 525 2515 caput
544 2429 675 2495 caelum
700 2434 787 2512 erat,
813 2428 953 2495 dextera
979 2450 1202 2515 papaverem,
1221 2428 1363 2494 sinistra
1379 2428 1480 2516 puni-

342 2577 419 2620 cum
437 2554 542 2620 habet
559 2556 698 2621 malum.

430 2693 447 2740 r
474 2679 629 2767 Septima
647 2688 718 2747 tres
729 2681 808 2769 plus
832 2702 935 2766 quarn
953 2679 1104 2745 humana
1122 2685 1304 2746 venustate
1322 2680 1477 2766 insignes

341 2805 516 2892 viragines
535 2804 675 2872 adstant
692 2805 824 2893 pastori
842 2827 983 2871 aureum
1000 2810 1038 2870 in
1051 2827 1156 2870 manu
1167 2826 1308 2892 pomum
1323 2805 1478 2871 habenti.

275 2930 320 2995 20
431 2943 448 2991 u
476 2928 607 2998 Octava
626 2931 761 2998 iuvenis
788 2930 832 2997 ab
860 2951 943 3018 apro
962 2930 1206 3017 interemptum
1227 2930 1287 3017 qui
1305 2952 1326 2996 a
1343 2929 1478 2997 Venere

342 3054 435 3120 inter
450 3054 601 3122 lactucas
619 3054 792 3144 sepelitur.

431 3193 448 3241 1
476 3180 576 3247 Nona
591 3204 676 3270 puer
694 3181 808 3248 nudus
826 3181 989 3269 pharetra
1007 3186 1144 3247 tantum
1163 3188 1199 3247 et
1214 3203 1296 3247 arcu
1314 3181 1476 3267 insignis,

342 3327 362 3372 a
381 3305 478 3373 ouius
494 3312 567 3374 toto
586 3328 727 3395 corpore
745 3305 944 3373 favillantes
970 3305 1060 3372 radii
1087 3306 1346 3372 circumstantia
1373 3307 1479 3372 ultro·

340 3454 406 3498 nea
424 3433 596 3500 suavitate
614 3432 738 3499 affecta
756 3431 995 3498 succeduntur.
1011 3431 1077 3498 Ille
1088 3431 1138 3498 ita
1152 3431 1335 3498 uniformis
1352 3437 1418 3513 est,
1436 3437 1479 3496 ut

274 3563 318 3628 25
341 3556 440 3624 iuxta
456 3558 700 3645 cuiuscumque
727 3556 1007 3644 complexionem,
1028 3562 1189 3623 naturam
1208 3563 1312 3642 atque
1330 3556 1479 3644 speciem

340 3682 442 3749 sitin
460 3682 595 3749 unitate
614 3682 731 3749 varius
750 3688 785 3748 et
801 3681 1029 3749 omniformis.
1050 3681 1252 3770 Decipimur
1270 3680 1399 3769 quippe
1422 3680 1480 3747 ho-

340 3807 450 3873 mines
469 3808 506 3873 in
535 3807 684 3875 hominis
714 3807 867 3894 imagine
887 3829 954 3893 qua
982 3806 1082 3872 nobis
1111 3813 1351 3894 praesentatur
1376 3806 1479 3874 unica

340 3932 528 3999 consistere
546 3939 717 4021 putantes.
738 3933 861 4020 Itaque
880 3931 982 3998 simul
994 3953 1111 3998 omnes
1127 3937 1271 3998 naturae
1289 3931 1419 4018 species
1437 3953 1480 3995 ex

340 4057 478 4124 obiectu
497 4059 681 4125 conformis
698 4057 937 4125 similitudinis
954 4059 1110 4125 confodit
1128 4058 1279 4146 sagittis,
1296 4058 1408 4125 calore
1427 4078 1481 4123 ac·

273 4188 317 4254 30
340 4183 457 4251 cendit
476 4190 511 4250 et
528 4184 652 4251 vinclis
669 4184 811 4272 obligat.

430 4446 461 4496 27
477 4461 514 4509 sq.
530 4443 566 4495 sic
