3390 5122
559 427 604 470 nn
624 425 866 470 coirnosrrroun
886 426 1065 487 rnacmvu,
1088 426 1109 472 1.
1345 411 1403 469 119

263 584 325 669 qui
355 583 412 649 hic
441 582 621 650 individua
650 582 818 670 quaedam
850 582 1045 650 substantia
1072 591 1138 667 est,
1167 593 1253 669 quae
1286 584 1403 650 eadem

263 720 338 776 tum
361 733 476 775 rerum
500 711 687 775 multarum
714 710 843 795 figuras
867 716 970 796 atque
998 709 1210 776 characteres
1238 710 1402 797 concipit,

264 842 338 901 tum
358 842 392 901 et
416 858 628 921 magnarum.
647 835 942 911 Quemadmodum
961 835 1114 922 pupillae
1133 842 1250 902 centro
1270 837 1404 922 sylvam

264 984 378 1028 rerum
402 983 471 1026 uno
496 960 627 1026 intuitu
655 966 765 1026 totam
789 959 969 1026 individuo
997 960 1223 1048 concipimuS,
1248 967 1283 1026 et
1306 983 1403 1026 suam

218 1084 240 1149 b
265 1086 429 1172 cuiusque
452 1087 578 1151 molem
601 1108 643 1150 ex
666 1085 845 1152 individuo
874 1085 1013 1173 specillo
1043 1084 1277 1152 contrahimus
1300 1100 1404 1171 atque

265 1211 473 1297 iudicamus,
488 1232 558 1276 non
574 1211 688 1276 minus
704 1210 840 1276 animae
858 1211 1015 1298 potentia
1034 1211 1094 1276 illa
1112 1211 1258 1277 interior
1273 1217 1309 1276 et
1324 1232 1406 1297 quo-

264 1336 445 1404 dammodo
474 1336 700 1424 spiritualior,
726 1358 813 1421 quae
841 1336 970 1423 species
997 1338 1082 1402 istas
1105 1337 1229 1424 recipit
1257 1344 1291 1402 et
1315 1358 1406 1402 com·

264 1462 373 1550 ponit,
398 1462 436 1527 in
452 1462 578 1549 spiritu
596 1460 815 1548 phantastico
840 1461 1042 1546 consistens,
1067 1462 1288 1528 individuum
1307 1461 1405 1548 quid-

264 1589 343 1654 dam
363 1611 435 1653 esse
460 1587 629 1652 censenda
653 1593 704 1652 est
732 1586 921 1673 degenere
949 1586 1048 1669 lucis,
1074 1588 1124 1652 ita
1151 1593 1191 1653 ut
1219 1587 1336 1652 eadem
1360 1589 1406 1655 sit

199 1721 242 1784 10
264 1716 337 1798 lurr,
362 1713 598 1779 illuminatum
617 1703 772 1778 et'actus
791 1712 842 1777 rei
864 1711 1037 1777 sensibilis
1056 1718 1160 1798 atque
1179 1712 1321 1797 formae,
1342 1714 1406 1780 dif-

263 1839 376 1905 ferens
399 1838 442 1904 ab
463 1844 603 1903 externo
621 1838 712 1921 visu,
732 1838 793 1923 qui
810 1860 872 1925 per
888 1838 1035 1903 alienam
1054 1839 1164 1904 lucem
1184 1838 1405 1924 informatur,

264 1964 345 2048 quia
369 1963 472 2030 simul
495 1963 571 2050 ipsa
590 1963 650 2028 lux
673 1970 849 2048 astatque
872 1963 1007 2046 videns,
1032 1964 1339 2051 proportionaliter
1357 1971 1408 2031 at

264 2114 329 2177 que
353 2090 434 2155 solis
461 2090 578 2154 lumen
606 2112 626 2153 a
653 2088 784 2154 lumine
807 2089 910 2154 lunae
937 2088 1180 2176 distinguitur3
1205 2090 1288 2156 haec
1311 2091 1404 2157 enim

264 2224 431 2301 tanquam
453 2215 457 2304 l
478 2216 521 2280 ab
547 2215 756 2298 extrinseco,
776 2215 836 2280 ille
859 2222 1027 2300 tanquam
1050 2239 1070 2281 a
1094 2216 1232 2304 proprio
1255 2218 1404 2284 visibilis
1430 2220 1501 2283 25

201 2349 244 2413 15
267 2348 328 2407 est.
349 2341 502 2407 Tandem
515 2339 631 2405 differt
644 2341 733 2406 oculi
748 2340 872 2407 visusa
890 2341 968 2406 visu
984 2341 1113 2406 interni
1124 2341 1275 2429 spiritus,
1292 2366 1408 2429 quem-

265 2466 448 2532 admodum
484 2467 660 2553 speculum
691 2466 812 2532 videns
847 2490 866 2532 a
896 2467 1034 2553 speculo
1063 2489 1133 2532 non
1160 2468 1314 2554 vidente,
1347 2470 1407 2536 sed

265 2600 403 2659 tantum
415 2599 695 2680 repraesentante
714 2594 890 2679 speculum
907 2617 942 2659 se
959 2594 1032 2680 ipso
1052 2594 1288 2661 illuminatum
1307 2603 1340 2661 et
1357 2597 1407 2662 in-

265 2718 469 2802 formatum,
491 2719 651 2803 qiiiodquc
675 2719 778 2784 simul
801 2720 861 2784 lux
880 2726 931 2784 est
951 2725 984 2783 et
1007 2721 1199 2806 speculum,
1220 2727 1253 2786 et
1277 2720 1314 2785 in
1338 2743 1406 2808 quo

266 2843 438 2909 obiectum
463 2844 624 2909 sensibile
649 2866 726 2909 crnn
750 2844 904 2910 subiecto
929 2844 1084 2911 sensibili
1108 2852 1189 2911 sunt
1212 2869 1329 2912 unum.

198 2973 243 3036 20
354 2971 421 3036 Hic
445 2976 496 3035 est
520 2970 669 3036 mundns
694 2970 835 3055 quidam
858 2978 892 3034 ct
915 2971 1011 3035 sinus
1036 2971 1285 3056 quodammodo
1311 2973 1405 3038 inex-

265 3097 403 3183 plebilis
421 3097 610 3162 formarum
630 3106 664 3161 et
684 3096 888 3183 specierum,
909 3097 1059 3181 quinon
1079 3096 1189 3163 solum
1208 3099 1336 3185 spemes
1356 3121 1406 3163 re·

264 3246 340 3288 rum
370 3231 510 3288 externe
543 3229 786 3309 conceptarum
815 3222 970 3288 continet
999 3224 1186 3289 secundnm
1219 3223 1405 3289 earundem

264 3349 541 3436 magnitudinem
566 3354 669 3432 atque
693 3371 888 3433 numerum,
913 3347 1102 3413 sedetiam
1131 3349 1262 3414 virtute
1285 3348 1406 3434 imagi-

265 3474 416 3540 nationis
433 3473 667 3559 magnitudini
687 3473 976 3559 magnitudinem,
994 3496 1135 3538 numero
1152 3496 1332 3540 numerum
1350 3498 1407 3562 ap·

200 3601 243 3665 25
268 3600 376 3687 ponit.
400 3600 621 3683 Rursumque
645 3599 735 3664 sicut
755 3622 796 3663 ex
814 3599 932 3684 paucis
956 3599 1134 3663 clementis
1158 3605 1283 3665 natura
1307 3601 1407 3666 innu-

265 3726 445 3790 merabiles
469 3725 598 3811 species
618 3731 872 3810 componuntur
891 3731 925 3787 et
944 3723 1153 3807 coalescunt,
1173 3723 1223 3789 ita
1246 3731 1281 3790 et
1304 3748 1407 3813 opere

265 3852 365 3917 istius
385 3850 564 3916 intrinseci
580 3849 760 3915 efficientis
776 3872 846 3915 non
862 3848 972 3914 solum
992 3850 1181 3936 specierum
1193 3852 1405 3918 naturalium

265 3978 396 4043 formae
420 3976 457 4041 in
480 3977 547 4042 isto
571 3975 782 4062 amplissimo
812 3974 890 4039 sinn
918 3984 1151 4059 reservantur,
1177 3999 1295 4042 verum
1325 4000 1406 4063 quo·

266 4128 332 4191 que
365 4104 408 4169 ad
436 4102 741 4169 innumerabilium
770 4102 963 4186 imaginum
991 4103 1316 4190 multiplicationem
1344 4104 1407 4169 im·

201 4230 245 4293 30
268 4229 611 4318 proportionabiliter
642 4226 943 4314 concipiendarum
971 4229 1196 4317 multiplicari
1229 4237 1407 4317 poterunt,

359 4482 375 4530 6
393 4480 565 4530 iudicamus.
580 4479 645 4529 Non
709 4480 725 4528 9
741 4484 794 4529 cst.
809 4477 850 4528 Do
863 4493 968 4543 genere
983 4479 1056 4530 lucis
1069 4480 1111 4530 ita
