<?xml version="1.0" encoding="UTF-8"?>
<!DOCTYPE html PUBLIC "-//W3C//DTD XHTML 1.0 Transitional//EN"
    "http://www.w3.org/TR/xhtml1/DTD/xhtml1-transitional.dtd">
<html xmlns="http://www.w3.org/1999/xhtml" xml:lang="en" lang="en">
 <head>
  <title>
</title>
<meta http-equiv="Content-Type" content="text/html;charset=utf-8" />
  <meta name='ocr-system' content='tesseract 3.04.00' />
  <meta name='ocr-capabilities' content='ocr_page ocr_carea ocr_par ocr_line ocrx_word'/>
</head>
<body>
  <div class='ocr_page' id='page_1' title='image "./jordanibruninol00brungoog_0060.png"; bbox 0 0 3390 5122; ppageno 0'>
   <div class='ocr_carea' id='block_1_1' title="bbox 567 420 1360 483">
    <p class='ocr_par' dir='ltr' id='par_1_1' title="bbox 567 420 1360 483">
     <span class='ocr_line' id='line_1_1' title="bbox 567 420 1360 483; baseline 0 -3"><span class='ocrx_word' id='word_1_1' title='bbox 567 437 612 481; x_wconf 80' lang='lat' dir='ltr'>nn</span> <span class='ocrx_word' id='word_1_2' title='bbox 633 437 789 481; x_wconf 70' lang='lat' dir='ltr'>inunum</span> <span class='ocrx_word' id='word_1_3' title='bbox 809 436 1009 483; x_wconf 71' lang='lat' dir='ltr'>venareum</span> <span class='ocrx_word' id='word_1_4' title='bbox 1321 420 1360 480; x_wconf 83' lang='grc'>47</span> 
     </span>
    </p>
   </div>
   <div class='ocr_carea' id='block_1_2' title="bbox 155 592 1554 2945">
    <p class='ocr_par' dir='ltr' id='par_1_2' title="bbox 155 592 1554 2945">
     <span class='ocr_line' id='line_1_2' title="bbox 218 592 1363 681; baseline 0 -23"><span class='ocrx_word' id='word_1_5' title='bbox 218 599 366 680; x_wconf 87' lang='lat' dir='ltr'>quatuor</span> <span class='ocrx_word' id='word_1_6' title='bbox 378 593 422 658; x_wconf 87' lang='lat' dir='ltr'>ad</span> <span class='ocrx_word' id='word_1_7' title='bbox 435 615 597 679; x_wconf 89' lang='lat' dir='ltr'>agrorum</span> <span class='ocrx_word' id='word_1_8' title='bbox 610 593 766 680; x_wconf 88' lang='lat' dir='ltr'>singulos</span> <span class='ocrx_word' id='word_1_9' title='bbox 778 594 890 660; x_wconf 86' lang='lat' dir='ltr'>exitus</span> <span class='ocrx_word' id='word_1_10' title='bbox 903 601 1000 681; x_wconf 89' lang='lat' dir='ltr'>patet</span> <span class='ocrx_word' id='word_1_11' title='bbox 1012 601 1047 660; x_wconf 91' lang='lat' dir='ltr'>et</span> <span class='ocrx_word' id='word_1_12' title='bbox 1059 592 1215 659; x_wconf 78' lang='lat' dir='ltr'>accessio.</span> <span class='ocrx_word' id='word_1_13' title='bbox 1229 593 1284 657; x_wconf 80' lang='lat' dir='ltr'>lbi</span> <span class='ocrx_word' id='word_1_14' title='bbox 1295 593 1363 680; x_wconf 89' lang='lat' dir='ltr'>pri·</span> 
     </span>
     <span class='ocr_line' id='line_1_3' title="bbox 217 717 1363 806; baseline 0.002 -23"><span class='ocrx_word' id='word_1_15' title='bbox 217 741 292 784; x_wconf 89' lang='lat' dir='ltr'>mus</span> <span class='ocrx_word' id='word_1_16' title='bbox 312 718 406 784; x_wconf 87' lang='lat' dir='ltr'>locus</span> <span class='ocrx_word' id='word_1_17' title='bbox 419 719 529 805; x_wconf 79' lang='lat' dir='ltr'>exigit</span> <span class='ocrx_word' id='word_1_18' title='bbox 547 741 593 784; x_wconf 88' lang='lat' dir='ltr'>an</span> <span class='ocrx_word' id='word_1_19' title='bbox 608 717 798 806; x_wconf 78' lang='lat' dir='ltr'><strong>specierum</strong></span> <span class='ocrx_word' id='word_1_20' title='bbox 815 719 904 785; x_wconf 90' lang='lat' dir='ltr'>nulli</span> <span class='ocrx_word' id='word_1_21' title='bbox 924 719 1109 785; x_wconf 88' lang='lat' dir='ltr'>conveniat</span> <span class='ocrx_word' id='word_1_22' title='bbox 1128 717 1220 805; x_wconf 89' lang='lat' dir='ltr'>quod</span> <span class='ocrx_word' id='word_1_23' title='bbox 1236 718 1363 785; x_wconf 88' lang='lat' dir='ltr'>dicitur</span> 
     </span>
     <span class='ocr_line' id='line_1_4' title="bbox 218 843 1361 933; baseline 0 -23"><span class='ocrx_word' id='word_1_24' title='bbox 218 844 391 929; x_wconf 85' lang='lat' dir='ltr'>accidens,</span> <span class='ocrx_word' id='word_1_25' title='bbox 407 867 532 931; x_wconf 85' lang='lat' dir='ltr'>genus,</span> <span class='ocrx_word' id='word_1_26' title='bbox 550 844 739 933; x_wconf 89' lang='lat' dir='ltr'>proprium,</span> <span class='ocrx_word' id='word_1_27' title='bbox 756 845 921 930; x_wconf 88' lang='lat' dir='ltr'>definitio,</span> <span class='ocrx_word' id='word_1_28' title='bbox 938 845 1143 926; x_wconf 84' lang='lat' dir='ltr'>differentia,</span> <span class='ocrx_word' id='word_1_29' title='bbox 1164 843 1361 931; x_wconf 86' lang='lat' dir='ltr'>descriptio.</span> 
     </span>
     <span class='ocr_line' id='line_1_5' title="bbox 218 969 1364 1058; baseline 0.001 -25"><span class='ocrx_word' id='word_1_30' title='bbox 218 969 395 1036; x_wconf 78' lang='lat' dir='ltr'>Secundus</span> <span class='ocrx_word' id='word_1_31' title='bbox 411 993 456 1036; x_wconf 87' lang='lat' dir='ltr'>an</span> <span class='ocrx_word' id='word_1_32' title='bbox 471 969 573 1055; x_wconf 85' lang='lat' dir='ltr'>nulli,</span> <span class='ocrx_word' id='word_1_33' title='bbox 594 993 639 1036; x_wconf 88' lang='lat' dir='ltr'>an</span> <span class='ocrx_word' id='word_1_34' title='bbox 655 971 763 1055; x_wconf 90' lang='lat' dir='ltr'>omni,</span> <span class='ocrx_word' id='word_1_35' title='bbox 783 993 829 1036; x_wconf 88' lang='lat' dir='ltr'>an</span> <span class='ocrx_word' id='word_1_36' title='bbox 848 970 1055 1058; x_wconf 88' lang='lat' dir='ltr'>quibusdam</span> <span class='ocrx_word' id='word_1_37' title='bbox 1071 990 1203 1055; x_wconf 84' lang='lat' dir='ltr'>eorum,</span> <span class='ocrx_word' id='word_1_38' title='bbox 1219 992 1307 1056; x_wconf 85' lang='lat' dir='ltr'>quae</span> <span class='ocrx_word' id='word_1_39' title='bbox 1326 969 1364 1035; x_wconf 95' lang='lat' dir='ltr'>in</span> 
     </span>
     <span class='ocr_line' id='line_1_6' title="bbox 173 1094 1363 1184; baseline -0.003 -20"><span class='ocrx_word' id='word_1_40' title='bbox 173 1098 195 1164; x_wconf 82' lang='lat'>5</span> <span class='ocrx_word' id='word_1_41' title='bbox 218 1094 337 1160; x_wconf 87' lang='lat' dir='ltr'>eadem</span> <span class='ocrx_word' id='word_1_42' title='bbox 356 1094 468 1182; x_wconf 90' lang='lat' dir='ltr'>specie</span> <span class='ocrx_word' id='word_1_43' title='bbox 492 1096 548 1160; x_wconf 88' lang='lat' dir='ltr'>vel</span> <span class='ocrx_word' id='word_1_44' title='bbox 565 1117 691 1182; x_wconf 86' lang='lat' dir='ltr'>genere</span> <span class='ocrx_word' id='word_1_45' title='bbox 710 1097 913 1162; x_wconf 85' lang='lat' dir='ltr'>consistunt.</span> <span class='ocrx_word' id='word_1_46' title='bbox 932 1096 1003 1164; x_wconf 86' lang='lat' dir='ltr'>Ubi</span> <span class='ocrx_word' id='word_1_47' title='bbox 1025 1118 1089 1184; x_wconf 92' lang='lat' dir='ltr'>pro</span> <span class='ocrx_word' id='word_1_48' title='bbox 1111 1097 1257 1162; x_wconf 89' lang='lat' dir='ltr'>veritate</span> <span class='ocrx_word' id='word_1_49' title='bbox 1276 1095 1363 1161; x_wconf 91' lang='lat' dir='ltr'>illud</span> 
     </span>
     <span class='ocr_line' id='line_1_7' title="bbox 219 1220 1362 1310; baseline 0.002 -25"><span class='ocrx_word' id='word_1_50' title='bbox 219 1226 271 1285; x_wconf 87' lang='lat' dir='ltr'>est</span> <span class='ocrx_word' id='word_1_51' title='bbox 295 1220 654 1307; x_wconf 87' lang='lat' dir='ltr'>animadvertendum,</span> <span class='ocrx_word' id='word_1_52' title='bbox 686 1220 779 1310; x_wconf 90' lang='lat' dir='ltr'>quod</span> <span class='ocrx_word' id='word_1_53' title='bbox 807 1245 878 1288; x_wconf 89' lang='lat' dir='ltr'>non</span> <span class='ocrx_word' id='word_1_54' title='bbox 910 1245 1145 1310; x_wconf 87' lang='lat' dir='ltr'>quaecumque</span> <span class='ocrx_word' id='word_1_55' title='bbox 1167 1221 1287 1308; x_wconf 85' lang='lat' dir='ltr'>generi</span> <span class='ocrx_word' id='word_1_56' title='bbox 1310 1221 1362 1287; x_wconf 93' lang='lat' dir='ltr'>in·</span> 
     </span>
     <span class='ocr_line' id='line_1_8' title="bbox 219 1345 1363 1435; baseline 0.003 -25"><span class='ocrx_word' id='word_1_57' title='bbox 219 1351 314 1430; x_wconf 89' lang='lat' dir='ltr'>sunt,</span> <span class='ocrx_word' id='word_1_58' title='bbox 335 1345 457 1412; x_wconf 88' lang='lat' dir='ltr'>insunt</span> <span class='ocrx_word' id='word_1_59' title='bbox 475 1354 510 1412; x_wconf 90' lang='lat' dir='ltr'>et</span> <span class='ocrx_word' id='word_1_60' title='bbox 528 1346 668 1433; x_wconf 84' lang='lat' dir='ltr'>speciei,</span> <span class='ocrx_word' id='word_1_61' title='bbox 689 1347 977 1435; x_wconf 80' lang='lat' dir='ltr'>quemadmodum</span> <span class='ocrx_word' id='word_1_62' title='bbox 997 1371 1084 1435; x_wconf 89' lang='lat' dir='ltr'>quae</span> <span class='ocrx_word' id='word_1_63' title='bbox 1103 1371 1123 1414; x_wconf 81' lang='lat' dir='ltr'>a</span> <span class='ocrx_word' id='word_1_64' title='bbox 1143 1353 1217 1413; x_wconf 90' lang='lat' dir='ltr'>toto</span> <span class='ocrx_word' id='word_1_65' title='bbox 1236 1370 1363 1434; x_wconf 87' lang='lat' dir='ltr'>negan-</span> 
     </span>
     <span class='ocr_line' id='line_1_9' title="bbox 218 1472 1362 1561; baseline 0.001 -24"><span class='ocrx_word' id='word_1_66' title='bbox 218 1479 276 1538; x_wconf 87' lang='lat' dir='ltr'>tur</span> <span class='ocrx_word' id='word_1_67' title='bbox 299 1495 438 1558; x_wconf 87' lang='lat' dir='ltr'>genere,</span> <span class='ocrx_word' id='word_1_68' title='bbox 459 1473 503 1539; x_wconf 90' lang='lat' dir='ltr'>ab</span> <span class='ocrx_word' id='word_1_69' title='bbox 526 1472 622 1540; x_wconf 91' lang='lat' dir='ltr'>omni</span> <span class='ocrx_word' id='word_1_70' title='bbox 645 1473 766 1539; x_wconf 86' lang='lat' dir='ltr'>itidem</span> <span class='ocrx_word' id='word_1_71' title='bbox 790 1473 904 1561; x_wconf 86' lang='lat' dir='ltr'>specie</span> <span class='ocrx_word' id='word_1_72' title='bbox 926 1474 1082 1540; x_wconf 87' lang='lat' dir='ltr'>seiuncta</span> <span class='ocrx_word' id='word_1_73' title='bbox 1105 1473 1362 1559; x_wconf 87' lang='lat' dir='ltr'>intelliguntur.</span> 
     </span>
     <span class='ocr_line' id='line_1_10' title="bbox 219 1599 1362 1689; baseline -0.001 -23"><span class='ocrx_word' id='word_1_74' title='bbox 219 1601 291 1666; x_wconf 89' lang='lat' dir='ltr'>Nec</span> <span class='ocrx_word' id='word_1_75' title='bbox 310 1599 424 1674; x_wconf 88' lang='lat' dir='ltr'>minus</span> <span class='ocrx_word' id='word_1_76' title='bbox 439 1603 559 1686; x_wconf 85' lang='lat' dir='ltr'>generi</span> <span class='ocrx_word' id='word_1_77' title='bbox 572 1600 742 1688; x_wconf 81' lang='lat' dir='ltr'>quadrare</span> <span class='ocrx_word' id='word_1_78' title='bbox 757 1607 948 1687; x_wconf 84' lang='lat' dir='ltr'>nequeunt,</span> <span class='ocrx_word' id='word_1_79' title='bbox 963 1623 1050 1686; x_wconf 83' lang='lat' dir='ltr'>quae</span> <span class='ocrx_word' id='word_1_80' title='bbox 1066 1601 1258 1689; x_wconf 85' lang='lat' dir='ltr'>specierum</span> <span class='ocrx_word' id='word_1_81' title='bbox 1273 1599 1362 1666; x_wconf 92' lang='lat' dir='ltr'>nulli</span> 
     </span>
     <span class='ocr_line' id='line_1_11' title="bbox 155 1725 1362 1814; baseline 0.001 -24"><span class='ocrx_word' id='word_1_82' title='bbox 155 1734 197 1798; x_wconf 87' lang='lat'>10</span> <span class='ocrx_word' id='word_1_83' title='bbox 220 1725 331 1792; x_wconf 86' lang='lat' dir='ltr'>inesse</span> <span class='ocrx_word' id='word_1_84' title='bbox 348 1726 610 1793; x_wconf 84' lang='lat' dir='ltr'>convincuntur.</span> <span class='ocrx_word' id='word_1_85' title='bbox 623 1727 765 1793; x_wconf 88' lang='lat' dir='ltr'>Praeter</span> <span class='ocrx_word' id='word_1_86' title='bbox 777 1728 863 1792; x_wconf 88' lang='lat' dir='ltr'>haec</span> <span class='ocrx_word' id='word_1_87' title='bbox 874 1727 975 1812; x_wconf 81' lang='lat' dir='ltr'>enim,</span> <span class='ocrx_word' id='word_1_88' title='bbox 992 1750 1081 1814; x_wconf 88' lang='lat' dir='ltr'>quae</span> <span class='ocrx_word' id='word_1_89' title='bbox 1099 1728 1198 1794; x_wconf 87' lang='lat' dir='ltr'>iuxta</span> <span class='ocrx_word' id='word_1_90' title='bbox 1213 1725 1362 1814; x_wconf 85' lang='lat' dir='ltr'>logicam</span> 
     </span>
     <span class='ocr_line' id='line_1_12' title="bbox 221 1851 1365 1940; baseline -0.001 -23"><span class='ocrx_word' id='word_1_91' title='bbox 221 1851 449 1918; x_wconf 87' lang='lat' dir='ltr'>intentionem</span> <span class='ocrx_word' id='word_1_92' title='bbox 469 1854 579 1938; x_wconf 87' lang='lat' dir='ltr'>[quae]</span> <span class='ocrx_word' id='word_1_93' title='bbox 604 1852 724 1938; x_wconf 86' lang='lat' dir='ltr'>generi</span> <span class='ocrx_word' id='word_1_94' title='bbox 747 1852 941 1940; x_wconf 89' lang='lat' dir='ltr'>specieique</span> <span class='ocrx_word' id='word_1_95' title='bbox 964 1859 1047 1919; x_wconf 88' lang='lat' dir='ltr'>sunt</span> <span class='ocrx_word' id='word_1_96' title='bbox 1069 1852 1223 1940; x_wconf 87' lang='lat' dir='ltr'>propria,</span> <span class='ocrx_word' id='word_1_97' title='bbox 1248 1857 1365 1938; x_wconf 85' lang='lat' dir='ltr'>quate·</span> 
     </span>
     <span class='ocr_line' id='line_1_13' title="bbox 220 1977 1364 2067; baseline -0.001 -24"><span class='ocrx_word' id='word_1_98' title='bbox 220 2001 285 2045; x_wconf 87' lang='lat' dir='ltr'>nus</span> <span class='ocrx_word' id='word_1_99' title='bbox 313 1977 475 2044; x_wconf 88' lang='lat' dir='ltr'>videlicet</span> <span class='ocrx_word' id='word_1_100' title='bbox 498 1999 627 2064; x_wconf 88' lang='lat' dir='ltr'>genera</span> <span class='ocrx_word' id='word_1_101' title='bbox 654 1984 737 2043; x_wconf 87' lang='lat' dir='ltr'>sunt</span> <span class='ocrx_word' id='word_1_102' title='bbox 764 1984 799 2044; x_wconf 92' lang='lat' dir='ltr'>et</span> <span class='ocrx_word' id='word_1_103' title='bbox 830 1979 973 2066; x_wconf 84' lang='lat' dir='ltr'>species,</span> <span class='ocrx_word' id='word_1_104' title='bbox 1004 1979 1147 2067; x_wconf 87' lang='lat' dir='ltr'>physice</span> <span class='ocrx_word' id='word_1_105' title='bbox 1170 1979 1212 2043; x_wconf 92' lang='lat' dir='ltr'>de</span> <span class='ocrx_word' id='word_1_106' title='bbox 1239 1977 1364 2064; x_wconf 90' lang='lat' dir='ltr'>quibus</span> 
     </span>
     <span class='ocr_line' id='line_1_14' title="bbox 221 2103 1363 2192; baseline -0.002 -22"><span class='ocrx_word' id='word_1_107' title='bbox 221 2126 331 2191; x_wconf 89' lang='lat' dir='ltr'>genus</span> <span class='ocrx_word' id='word_1_108' title='bbox 349 2103 583 2191; x_wconf 85' lang='lat' dir='ltr'>praedicatur,</span> <span class='ocrx_word' id='word_1_109' title='bbox 599 2104 747 2192; x_wconf 89' lang='lat' dir='ltr'>speciem</span> <span class='ocrx_word' id='word_1_110' title='bbox 762 2104 913 2191; x_wconf 87' lang='lat' dir='ltr'>aliquam</span> <span class='ocrx_word' id='word_1_111' title='bbox 933 2104 1125 2191; x_wconf 85' lang='lat' dir='ltr'>praedicari</span> <span class='ocrx_word' id='word_1_112' title='bbox 1141 2110 1193 2170; x_wconf 89' lang='lat' dir='ltr'>est</span> <span class='ocrx_word' id='word_1_113' title='bbox 1209 2126 1363 2186; x_wconf 90' lang='lat' dir='ltr'>necesse;</span> 
     </span>
     <span class='ocr_line' id='line_1_15' title="bbox 222 2227 1364 2317; baseline -0.003 -22"><span class='ocrx_word' id='word_1_114' title='bbox 222 2229 314 2316; x_wconf 90' lang='lat' dir='ltr'>quod</span> <span class='ocrx_word' id='word_1_115' title='bbox 337 2228 379 2294; x_wconf 92' lang='lat' dir='ltr'>de</span> <span class='ocrx_word' id='word_1_116' title='bbox 403 2229 595 2316; x_wconf 85' lang='lat' dir='ltr'>specierum</span> <span class='ocrx_word' id='word_1_117' title='bbox 614 2227 763 2317; x_wconf 86' lang='lat' dir='ltr'>quadam</span> <span class='ocrx_word' id='word_1_118' title='bbox 781 2231 838 2296; x_wconf 90' lang='lat' dir='ltr'>vel</span> <span class='ocrx_word' id='word_1_119' title='bbox 857 2230 1063 2316; x_wconf 88' lang='lat' dir='ltr'>quibusdam</span> <span class='ocrx_word' id='word_1_120' title='bbox 1087 2228 1294 2314; x_wconf 80' lang='lat' dir='ltr'>affirmatur¹</span> <span class='ocrx_word' id='word_1_121' title='bbox 1322 2227 1364 2292; x_wconf 92' lang='lat' dir='ltr'>de</span> 
     </span>
     <span class='ocr_line' id='line_1_16' title="bbox 158 2348 1554 2441; baseline -0.005 -21"><span class='ocrx_word' id='word_1_122' title='bbox 158 2354 200 2420; x_wconf 80' lang='lat'>15</span> <span class='ocrx_word' id='word_1_123' title='bbox 223 2376 349 2441; x_wconf 88' lang='lat' dir='ltr'>genere</span> <span class='ocrx_word' id='word_1_124' title='bbox 367 2353 625 2441; x_wconf 78' lang='lat' dir='ltr'>particulariter</span> <span class='ocrx_word' id='word_1_125' title='bbox 648 2361 725 2420; x_wconf 87' lang='lat' dir='ltr'>tuto</span> <span class='ocrx_word' id='word_1_126' title='bbox 745 2355 1036 2440; x_wconf 84' lang='lat' dir='ltr'>confirmabimus,</span> <span class='ocrx_word' id='word_1_127' title='bbox 1056 2354 1166 2421; x_wconf 88' lang='lat' dir='ltr'>veluti</span> <span class='ocrx_word' id='word_1_128' title='bbox 1185 2353 1276 2440; x_wconf 90' lang='lat' dir='ltr'>quod</span> <span class='ocrx_word' id='word_1_129' title='bbox 1297 2353 1301 2441; x_wconf 87' lang='grc' dir='ltr'>Ι</span> <span class='ocrx_word' id='word_1_130' title='bbox 1322 2353 1364 2418; x_wconf 92' lang='lat' dir='ltr'>de</span> <span class='ocrx_word' id='word_1_131' title='bbox 1390 2350 1497 2415; x_wconf 63' lang='lat'>739</span> <span class='ocrx_word' id='word_1_132' title='bbox 1514 2348 1554 2414; x_wconf 84' lang='lat' dir='ltr'>G</span> 
     </span>
     <span class='ocr_line' id='line_1_17' title="bbox 222 2480 1366 2569; baseline 0 -23"><span class='ocrx_word' id='word_1_133' title='bbox 222 2483 413 2568; x_wconf 86' lang='lat' dir='ltr'>specierum</span> <span class='ocrx_word' id='word_1_134' title='bbox 437 2481 553 2568; x_wconf 89' lang='lat' dir='ltr'>aliqua</span> <span class='ocrx_word' id='word_1_135' title='bbox 576 2482 633 2547; x_wconf 88' lang='lat' dir='ltr'>vel</span> <span class='ocrx_word' id='word_1_136' title='bbox 656 2482 830 2566; x_wconf 84' lang='lat' dir='ltr'>aliquibus</span> <span class='ocrx_word' id='word_1_137' title='bbox 853 2487 1014 2568; x_wconf 84' lang='lat' dir='ltr'>negatur,</span> <span class='ocrx_word' id='word_1_138' title='bbox 1039 2480 1081 2547; x_wconf 92' lang='lat' dir='ltr'>de</span> <span class='ocrx_word' id='word_1_139' title='bbox 1110 2503 1236 2569; x_wconf 88' lang='lat' dir='ltr'>genere</span> <span class='ocrx_word' id='word_1_140' title='bbox 1259 2481 1366 2568; x_wconf 89' lang='lat' dir='ltr'>parti-</span> 
     </span>
     <span class='ocr_line' id='line_1_18' title="bbox 224 2606 1365 2694; baseline 0 -22"><span class='ocrx_word' id='word_1_141' title='bbox 224 2607 387 2672; x_wconf 81' lang='lat' dir='ltr'>culariter</span> <span class='ocrx_word' id='word_1_142' title='bbox 413 2613 580 2692; x_wconf 89' lang='lat' dir='ltr'>negatum</span> <span class='ocrx_word' id='word_1_143' title='bbox 606 2606 832 2692; x_wconf 85' lang='lat' dir='ltr'>intelligitur,</span> <span class='ocrx_word' id='word_1_144' title='bbox 864 2606 1144 2694; x_wconf 87' lang='lat' dir='ltr'>quandoquidem</span> <span class='ocrx_word' id='word_1_145' title='bbox 1178 2606 1365 2672; x_wconf 87' lang='lat' dir='ltr'>secundum</span> 
     </span>
     <span class='ocr_line' id='line_1_19' title="bbox 224 2728 1365 2821; baseline -0.001 -23"><span class='ocrx_word' id='word_1_146' title='bbox 224 2733 371 2821; x_wconf 89' lang='lat' dir='ltr'>speciem</span> <span class='ocrx_word' id='word_1_147' title='bbox 401 2733 553 2818; x_wconf 88' lang='lat' dir='ltr'>aliquam</span> <span class='ocrx_word' id='word_1_148' title='bbox 583 2739 636 2798; x_wconf 85' lang='lat' dir='ltr'>est</span> <span class='ocrx_word' id='word_1_149' title='bbox 665 2734 721 2798; x_wconf 91' lang='lat' dir='ltr'>vel</span> <span class='ocrx_word' id='word_1_150' title='bbox 750 2728 899 2798; x_wconf 78' lang='lat' dir='ltr'>officitur</span> <span class='ocrx_word' id='word_1_151' title='bbox 930 2731 1169 2819; x_wconf 84' lang='lat' dir='ltr'>quodcumque</span> <span class='ocrx_word' id='word_1_152' title='bbox 1202 2731 1365 2817; x_wconf 88' lang='lat' dir='ltr'>afficitur,</span> 
     </span>
     <span class='ocr_line' id='line_1_20' title="bbox 224 2857 1366 2945; baseline 0 -21"><span class='ocrx_word' id='word_1_153' title='bbox 224 2859 305 2945; x_wconf 86' lang='lat' dir='ltr'>quia</span> <span class='ocrx_word' id='word_1_154' title='bbox 325 2858 415 2945; x_wconf 90' lang='lat' dir='ltr'>quod</span> <span class='ocrx_word' id='word_1_155' title='bbox 438 2865 596 2924; x_wconf 81' lang='lat' dir='ltr'>moretur</span> <span class='ocrx_word' id='word_1_156' title='bbox 614 2857 802 2923; x_wconf 89' lang='lat' dir='ltr'>secundum</span> <span class='ocrx_word' id='word_1_157' title='bbox 821 2858 973 2944; x_wconf 88' lang='lat' dir='ltr'>aliquam</span> <span class='ocrx_word' id='word_1_158' title='bbox 996 2864 1110 2924; x_wconf 88' lang='lat' dir='ltr'>motus</span> <span class='ocrx_word' id='word_1_159' title='bbox 1129 2858 1277 2945; x_wconf 84' lang='lat' dir='ltr'>speciem</span> <span class='ocrx_word' id='word_1_160' title='bbox 1294 2881 1366 2925; x_wconf 89' lang='lat' dir='ltr'>mo·</span> 
     </span>
    </p>
   </div>
   <div class='ocr_carea' id='block_1_3' title="bbox 157 2978 1366 3071">
    <p class='ocr_par' dir='ltr' id='par_1_3' title="bbox 157 2978 1366 3071">
     <span class='ocr_line' id='line_1_21' title="bbox 157 2978 1366 3071; baseline 0.006 -29"><span class='ocrx_word' id='word_1_161' title='bbox 157 2978 202 3042; x_wconf 71' lang='lat'>20</span> <span class='ocrx_word' id='word_1_162' title='bbox 225 2990 338 3069; x_wconf 87' lang='lat' dir='ltr'>vetur,</span> <span class='ocrx_word' id='word_1_163' title='bbox 366 2983 455 3050; x_wconf 87' lang='lat' dir='ltr'>sicut</span> <span class='ocrx_word' id='word_1_164' title='bbox 474 2983 566 3069; x_wconf 90' lang='lat' dir='ltr'>quod</span> <span class='ocrx_word' id='word_1_165' title='bbox 589 2989 682 3048; x_wconf 85' lang='lat' dir='ltr'>certe</span> <span class='ocrx_word' id='word_1_166' title='bbox 698 2982 755 3048; x_wconf 90' lang='lat' dir='ltr'>vel</span> <span class='ocrx_word' id='word_1_167' title='bbox 779 2983 881 3049; x_wconf 88' lang='lat' dir='ltr'>certis</span> <span class='ocrx_word' id='word_1_168' title='bbox 897 2989 950 3048; x_wconf 87' lang='lat' dir='ltr'>est</span> <span class='ocrx_word' id='word_1_169' title='bbox 973 2982 1165 3049; x_wconf 85' lang='lat' dir='ltr'>afficiturve</span> <span class='ocrx_word' id='word_1_170' title='bbox 1189 2983 1366 3071; x_wconf 85' lang='lat' dir='ltr'>speciebus</span> 
     </span>
    </p>
   </div>
   <div class='ocr_carea' id='block_1_4' title="bbox 142 3107 1516 4076">
    <p class='ocr_par' dir='ltr' id='par_1_4' title="bbox 224 3107 1516 3321">
     <span class='ocr_line' id='line_1_22' title="bbox 224 3107 1516 3199; baseline 0.005 -26"><span class='ocrx_word' id='word_1_171' title='bbox 224 3107 315 3174; x_wconf 90' lang='lat' dir='ltr'>idem</span> <span class='ocrx_word' id='word_1_172' title='bbox 338 3108 494 3174; x_wconf 78' lang='lat' dir='ltr'>absolute</span> <span class='ocrx_word' id='word_1_173' title='bbox 517 3131 589 3174; x_wconf 88' lang='lat' dir='ltr'>esse</span> <span class='ocrx_word' id='word_1_174' title='bbox 612 3108 667 3174; x_wconf 90' lang='lat' dir='ltr'>vel</span> <span class='ocrx_word' id='word_1_175' title='bbox 691 3108 782 3175; x_wconf 85' lang='lat' dir='ltr'>effici</span> <span class='ocrx_word' id='word_1_176' title='bbox 805 3108 1015 3174; x_wconf 86' lang='lat' dir='ltr'>affirmantes</span> <span class='ocrx_word' id='word_1_177' title='bbox 1039 3130 1110 3174; x_wconf 92' lang='lat' dir='ltr'>non</span> <span class='ocrx_word' id='word_1_178' title='bbox 1129 3108 1363 3199; x_wconf 66' lang='lat' dir='ltr'>mentielmur.</span> <span class='ocrx_word' id='word_1_179' title='bbox 1389 3116 1516 3179; x_wconf 88' lang='grc' dir='ltr'>36Ρ</span> 
     </span>
     <span class='ocr_line' id='line_1_23' title="bbox 224 3232 1364 3321; baseline 0.002 -23"><span class='ocrx_word' id='word_1_180' title='bbox 224 3233 361 3300; x_wconf 82' lang='lat' dir='ltr'>Tertius</span> <span class='ocrx_word' id='word_1_181' title='bbox 392 3257 437 3299; x_wconf 89' lang='lat' dir='ltr'>an</span> <span class='ocrx_word' id='word_1_182' title='bbox 464 3232 658 3299; x_wconf 83' lang='lat' dir='ltr'>definitioni</span> <span class='ocrx_word' id='word_1_183' title='bbox 688 3234 835 3300; x_wconf 87' lang='lat' dir='ltr'>subiecti</span> <span class='ocrx_word' id='word_1_184' title='bbox 859 3241 1031 3321; x_wconf 87' lang='lat' dir='ltr'>repugnat</span> <span class='ocrx_word' id='word_1_185' title='bbox 1054 3234 1091 3299; x_wconf 92' lang='lat' dir='ltr'>id</span> <span class='ocrx_word' id='word_1_186' title='bbox 1115 3233 1206 3320; x_wconf 90' lang='lat' dir='ltr'>quod</span> <span class='ocrx_word' id='word_1_187' title='bbox 1224 3233 1364 3318; x_wconf 80' lang='lat' dir='ltr'>dicitur,</span> 
     </span>
    </p>

    <p class='ocr_par' dir='ltr' id='par_1_5' title="bbox 142 3358 1367 3570">
     <span class='ocr_line' id='line_1_24' title="bbox 142 3358 1365 3448; baseline -0.002 -23"><span class='ocrx_word' id='word_1_188' title='bbox 142 3403 145 3410; x_wconf 92' lang='lat'>·</span> <span class='ocrx_word' id='word_1_189' title='bbox 224 3383 308 3425; x_wconf 88' lang='lat' dir='ltr'>num</span> <span class='ocrx_word' id='word_1_190' title='bbox 336 3358 499 3425; x_wconf 88' lang='lat' dir='ltr'>videlicet</span> <span class='ocrx_word' id='word_1_191' title='bbox 522 3382 542 3425; x_wconf 89' lang='lat' dir='ltr'>a</span> <span class='ocrx_word' id='word_1_192' title='bbox 566 3359 692 3445; x_wconf 85' lang='lat' dir='ltr'>specie,</span> <span class='ocrx_word' id='word_1_193' title='bbox 716 3380 803 3445; x_wconf 86' lang='lat' dir='ltr'>quae</span> <span class='ocrx_word' id='word_1_194' title='bbox 818 3359 1052 3448; x_wconf 63' lang='lat' dir='ltr'>=problematis</span> <span class='ocrx_word' id='word_1_195' title='bbox 1084 3364 1135 3425; x_wconf 89' lang='lat' dir='ltr'>est</span> <span class='ocrx_word' id='word_1_196' title='bbox 1159 3359 1365 3443; x_wconf 82' lang='lat' dir='ltr'>subiectum,</span> 
     </span>
     <span class='ocr_line' id='line_1_25' title="bbox 223 3483 1367 3570; baseline -0.001 -20"><span class='ocrx_word' id='word_1_197' title='bbox 223 3491 318 3550; x_wconf 81' lang='lat' dir='ltr'>extet</span> <span class='ocrx_word' id='word_1_198' title='bbox 341 3485 502 3550; x_wconf 86' lang='lat' dir='ltr'>alienum.</span> <span class='ocrx_word' id='word_1_199' title='bbox 528 3483 679 3562; x_wconf 74' lang='lat' dir='ltr'>Quartus</span> <span class='ocrx_word' id='word_1_200' title='bbox 698 3507 743 3549; x_wconf 88' lang='lat' dir='ltr'>an</span> <span class='ocrx_word' id='word_1_201' title='bbox 766 3483 961 3550; x_wconf 87' lang='lat' dir='ltr'>definitioni</span> <span class='ocrx_word' id='word_1_202' title='bbox 985 3483 1172 3550; x_wconf 88' lang='lat' dir='ltr'>accidentis</span> <span class='ocrx_word' id='word_1_203' title='bbox 1191 3483 1247 3550; x_wconf 88' lang='lat' dir='ltr'>vel</span> <span class='ocrx_word' id='word_1_204' title='bbox 1264 3507 1367 3570; x_wconf 91' lang='lat' dir='ltr'>gene·</span> 
     </span>
    </p>

    <p class='ocr_par' dir='ltr' id='par_1_6' title="bbox 158 3607 1367 4076">
     <span class='ocr_line' id='line_1_26' title="bbox 158 3607 1366 3697; baseline -0.003 -19"><span class='ocrx_word' id='word_1_205' title='bbox 158 3613 201 3678; x_wconf 76' lang='lat'>25</span> <span class='ocrx_word' id='word_1_206' title='bbox 224 3611 272 3676; x_wconf 88' lang='lat' dir='ltr'>ris</span> <span class='ocrx_word' id='word_1_207' title='bbox 306 3611 361 3677; x_wconf 82' lang='lat' dir='ltr'>vel</span> <span class='ocrx_word' id='word_1_208' title='bbox 393 3608 528 3697; x_wconf 88' lang='lat' dir='ltr'>proprii</span> <span class='ocrx_word' id='word_1_209' title='bbox 554 3608 609 3676; x_wconf 83' lang='lat' dir='ltr'>vel</span> <span class='ocrx_word' id='word_1_210' title='bbox 643 3609 858 3675; x_wconf 85' lang='lat' dir='ltr'>differentiae</span> <span class='ocrx_word' id='word_1_211' title='bbox 888 3608 944 3675; x_wconf 82' lang='lat' dir='ltr'>vel</span> <span class='ocrx_word' id='word_1_212' title='bbox 974 3607 1040 3695; x_wconf 86' lang='lat' dir='ltr'>ipsi</span> <span class='ocrx_word' id='word_1_213' title='bbox 1075 3607 1269 3673; x_wconf 87' lang='lat' dir='ltr'>definitioni</span> <span class='ocrx_word' id='word_1_214' title='bbox 1307 3631 1366 3674; x_wconf 88' lang='lat' dir='ltr'>seu</span> 
     </span>
     <span class='ocr_line' id='line_1_27' title="bbox 225 3733 1367 3824; baseline -0.004 -21"><span class='ocrx_word' id='word_1_215' title='bbox 225 3735 451 3824; x_wconf 86' lang='lat' dir='ltr'>descriptioni</span> <span class='ocrx_word' id='word_1_216' title='bbox 482 3751 654 3822; x_wconf 81' lang='lat' dir='ltr'>repugnet</span> <span class='ocrx_word' id='word_1_217' title='bbox 678 3757 756 3800; x_wconf 89' lang='lat' dir='ltr'>eum</span> <span class='ocrx_word' id='word_1_218' title='bbox 784 3734 847 3800; x_wconf 87' lang='lat' dir='ltr'>tali</span> <span class='ocrx_word' id='word_1_219' title='bbox 876 3734 1030 3801; x_wconf 85' lang='lat' dir='ltr'>subiecto</span> <span class='ocrx_word' id='word_1_220' title='bbox 1059 3733 1116 3800; x_wconf 90' lang='lat' dir='ltr'>vel</span> <span class='ocrx_word' id='word_1_221' title='bbox 1147 3733 1260 3821; x_wconf 89' lang='lat' dir='ltr'>specie</span> <span class='ocrx_word' id='word_1_222' title='bbox 1290 3756 1367 3799; x_wconf 91' lang='lat' dir='ltr'>con·</span> 
     </span>
     <span class='ocr_line' id='line_1_28' title="bbox 224 3858 1367 3947; baseline -0.003 -19"><span class='ocrx_word' id='word_1_223' title='bbox 224 3865 336 3929; x_wconf 85' lang='lat' dir='ltr'>nexio.</span> <span class='ocrx_word' id='word_1_224' title='bbox 362 3861 512 3940; x_wconf 78' lang='lat' dir='ltr'>Quintus</span> <span class='ocrx_word' id='word_1_225' title='bbox 538 3884 585 3927; x_wconf 92' lang='lat' dir='ltr'>an</span> <span class='ocrx_word' id='word_1_226' title='bbox 604 3860 815 3926; x_wconf 86' lang='lat' dir='ltr'>contrarium</span> <span class='ocrx_word' id='word_1_227' title='bbox 839 3861 911 3927; x_wconf 88' lang='lat' dir='ltr'>sive</span> <span class='ocrx_word' id='word_1_228' title='bbox 935 3860 1142 3947; x_wconf 88' lang='lat' dir='ltr'>generaliter</span> <span class='ocrx_word' id='word_1_229' title='bbox 1170 3858 1367 3947; x_wconf 89' lang='lat' dir='ltr'>oppositum</span> 
     </span>
     <span class='ocr_line' id='line_1_29' title="bbox 227 3984 1366 4076; baseline -0.006 -20"><span class='ocrx_word' id='word_1_230' title='bbox 227 3989 362 4057; x_wconf 84' lang='lat' dir='ltr'>ostendi</span> <span class='ocrx_word' id='word_1_231' title='bbox 391 3987 502 4076; x_wconf 89' lang='lat' dir='ltr'>possit</span> <span class='ocrx_word' id='word_1_232' title='bbox 525 3987 581 4053; x_wconf 89' lang='lat' dir='ltr'>vel</span> <span class='ocrx_word' id='word_1_233' title='bbox 608 3987 689 4052; x_wconf 91' lang='lat' dir='ltr'>huic</span> <span class='ocrx_word' id='word_1_234' title='bbox 716 3985 869 4052; x_wconf 86' lang='lat' dir='ltr'>subiecto</span> <span class='ocrx_word' id='word_1_235' title='bbox 892 3985 1026 4070; x_wconf 87' lang='lat' dir='ltr'>adesse,</span> <span class='ocrx_word' id='word_1_236' title='bbox 1044 3985 1099 4051; x_wconf 91' lang='lat' dir='ltr'>vel</span> <span class='ocrx_word' id='word_1_237' title='bbox 1117 3985 1211 4051; x_wconf 91' lang='lat' dir='ltr'>hisce</span> <span class='ocrx_word' id='word_1_238' title='bbox 1241 3984 1366 4050; x_wconf 89' lang='lat' dir='ltr'>subiici</span> 
     </span>
    </p>
   </div>
   <div class='ocr_carea' id='block_1_5' title="bbox 223 4330 1364 4481">
    <p class='ocr_par' dir='ltr' id='par_1_7' title="bbox 223 4330 1364 4481">
     <span class='ocr_line' id='line_1_30' title="bbox 316 4330 1362 4400; baseline -0.007 -16"><span class='ocrx_word' id='word_1_239' title='bbox 316 4335 333 4384; x_wconf 85' lang='lat'><strong>6</strong></span> <span class='ocrx_word' id='word_1_240' title='bbox 349 4345 539 4400; x_wconf 81' lang='lat' dir='ltr'>quaecunque</span> <span class='ocrx_word' id='word_1_241' title='bbox 556 4331 609 4384; x_wconf 75' lang='lat' dir='ltr'>AG</span> <span class='ocrx_word' id='word_1_242' title='bbox 672 4333 686 4382; x_wconf 86' lang='grc'><strong>7</strong></span> <span class='ocrx_word' id='word_1_243' title='bbox 704 4330 940 4398; x_wconf 82' lang='lat' dir='ltr'>quaemad-lquae</span> <span class='ocrx_word' id='word_1_244' title='bbox 953 4346 969 4381; x_wconf 80' lang='lat' dir='ltr'>a</span> <span class='ocrx_word' id='word_1_245' title='bbox 982 4335 1045 4380; x_wconf 84' lang='lat' dir='ltr'>toto</span> <span class='ocrx_word' id='word_1_246' title='bbox 1058 4331 1085 4380; x_wconf 86' lang='lat' dir='ltr'><em>P</em></span> <span class='ocrx_word' id='word_1_247' title='bbox 1147 4333 1177 4381; x_wconf 94' lang='grc'>11</span> <span class='ocrx_word' id='word_1_248' title='bbox 1195 4345 1326 4396; x_wconf 83' lang='lat' dir='ltr'>quaoom.</span> <span class='ocrx_word' id='word_1_249' title='bbox 1339 4330 1362 4377; x_wconf 65' lang='grc' dir='ltr'>(ἶ</span> 
     </span>
     <span class='ocr_line' id='line_1_31' title="bbox 223 4410 1364 4481; baseline -0.002 -16"><span class='ocrx_word' id='word_1_250' title='bbox 223 4417 254 4466; x_wconf 87' lang='grc'>18</span> <span class='ocrx_word' id='word_1_251' title='bbox 271 4411 525 4481; x_wconf 78' lang='lat' dir='ltr'>quodeunqueAG</span> <span class='ocrx_word' id='word_1_252' title='bbox 587 4411 843 4476; x_wconf 59' lang='lat' dir='ltr'>QOcertiqeetl&#39;A</span> <span class='ocrx_word' id='word_1_253' title='bbox 908 4410 1128 4477; x_wconf 66' lang='lat' dir='ltr'>campagnola</span> <span class='ocrx_word' id='word_1_254' title='bbox 1191 4411 1364 4463; x_wconf 73' lang='lat' dir='ltr'>24exstctll</span> 
     </span>
    </p>
   </div>
   <div class='ocr_carea' id='block_1_6' title="bbox 222 4493 509 4564">
    <p class='ocr_par' dir='ltr' id='par_1_8' title="bbox 222 4493 509 4564">
     <span class='ocr_line' id='line_1_32' title="bbox 222 4493 509 4564; baseline -0.007 -16"><span class='ocrx_word' id='word_1_255' title='bbox 222 4496 255 4548; x_wconf 79' lang='lat'>26</span> <span class='ocrx_word' id='word_1_256' title='bbox 271 4493 469 4564; x_wconf 76' lang='lat' dir='ltr'>Descriptipni</span> <span class='ocrx_word' id='word_1_257' title='bbox 482 4494 509 4546; x_wconf 85' lang='lat' dir='ltr'><em>P</em></span> 
     </span>
    </p>
   </div>
   <div class='ocr_carea' id='block_1_7' title="bbox 0 0 1701 5122">
    <p class='ocr_par' dir='ltr' id='par_1_9' title="bbox 0 0 1701 5122">
     <span class='ocr_line' id='line_1_33' title="bbox 0 0 1701 5122; baseline 0 0"><span class='ocrx_word' id='word_1_258' title='bbox 0 0 1701 5122; x_wconf 95' lang='lat' dir='ltr'> </span> 
     </span>
    </p>
   </div>
  </div>
 </body>
</html>
