3390 5122
577 420 771 465 Anrmrcrvn
793 422 996 484 nuscanum,
1017 423 1038 466 1.
1321 408 1379 466 351

240 601 343 665 quam
368 577 411 643 ad
434 575 685 642 aedificandum
710 583 744 641 et
767 576 990 644 sanciendum
1014 578 1060 644 sit
1083 577 1255 666 apposita,
1279 601 1381 663 seque

239 703 312 769 eius
331 726 403 768 esse
420 701 624 785 sententiae,
646 709 686 767 ut
702 701 877 768 existimet
896 726 966 769 non
988 683 1172 769 verborum
1195 703 1379 787 lenocinio,

239 827 298 894 sed
320 827 455 915 negotii
472 827 590 913 reique
606 828 780 914 gravitate
798 836 901 915 atque
921 836 1095 896 momento
1114 829 1288 896 auditores
1304 831 1381 918 oapi

239 975 353 1041 posse,
371 952 515 1035 moveri,
535 952 623 1018 duci.
644 952 682 1018 Si
704 974 786 1020 vero
801 963 944 1043 propter
966 977 1029 1021 nos
1051 955 1145 1043 ipsos
1163 955 1278 1020 minus
1297 956 1381 1021 exti-
1555 970 1575 1005 *⁷

195 1088 215 1150 5
239 1078 348 1144 tarint
371 1078 544 1162 benevoli,
572 1077 609 1143 id
633 1077 746 1165 ipsum
770 1101 811 1145 ex
839 1079 970 1167 triplici
994 1081 1107 1168 capite
1143 1080 1199 1146 vel
1234 1081 1382 1167 quadru-

237 1204 321 1293 plici
342 1202 531 1290 contingit:
550 1203 606 1269 vel
622 1225 664 1269 ex
679 1203 877 1291 praeteritis
893 1205 974 1291 quia
995 1204 1000 1292 1
1021 1205 1165 1272 crimine
1181 1205 1314 1292 affecti,
1328 1208 1382 1273 vel
1407 1208 1467 1270 51
1482 1208 1526 1270 F

238 1353 280 1396 ex
302 1328 476 1417 praesenti
491 1352 552 1416 per
571 1336 731 1413 aetatem,
756 1331 812 1396 vel
831 1353 872 1396 ex
896 1330 1142 1397 consuetudine
1167 1338 1202 1398 et
1224 1331 1383 1419 frequen·

238 1456 288 1521 tia
311 1453 447 1520 dicendi
471 1462 506 1519 et
529 1455 719 1543 apparendi
743 1477 857 1522 coram
880 1455 1053 1524 iudicibus
1082 1465 1226 1545 propter
1254 1459 1381 1546 impor-

239 1580 441 1663 tunitatem,
476 1579 532 1646 vel
566 1603 608 1645 ex
642 1580 784 1648 insolita
818 1587 853 1646 et
883 1603 974 1648 nova
998 1581 1249 1649 addicendum
1273 1606 1383 1650 acces-

175 1710 216 1772 10
239 1706 334 1772 sione
351 1712 493 1793 propter
511 1712 735 1793 apparentem
754 1705 977 1773 insolentiam
996 1712 1031 1772 et
1050 1707 1291 1774 temeritatem.

328 1829 365 1895 Si
384 1829 549 1917 primum,
569 1851 632 1917 pro
661 1831 795 1897 viribus
819 1831 1057 1898 extenuandae
1087 1839 1169 1899 sunt
1193 1832 1381 1900 adversarii

238 1955 389 2020 rationes
408 1961 442 2020 et
467 1954 690 2041 infringenda
708 1956 806 2041 fides,
827 1956 939 2043 primo
959 1980 1001 2022 ex
1016 1957 1182 2044 pericu10‚
1205 1958 1296 2044 quod
1319 1959 1381 2024 im-

238 2079 360 2163 minet,
380 2080 441 2145 ubi
460 2079 572 2146 facilis
597 2080 906 2148 calumniatoribus
923 2083 1016 2148 auris
1031 2083 1231 2170 exponitur,
1247 2085 1279 2149 2.
1299 2084 1381 2170 quia

239 2205 341 2270 multi
362 2207 366 2292 Ι
387 2207 588 2273 innocentes
615 2230 676 2294 per
701 2205 892 2273 calumnias
915 2207 1086 2291 damnati;
1111 2210 1141 2274 3.
1167 2208 1248 2295 quia
1279 2211 1382 2296 aequi
1407 2219 1506 2284 136
1521 2220 1559 2284 G

174 2342 215 2406 15
239 2331 362 2398 iudicis
379 2339 430 2398 est
446 2355 516 2399 non
529 2334 708 2418 quosdam,
722 2332 781 2399 sed
794 2355 911 2399 omnes
927 2356 990 2421 pro
1005 2335 1164 2400 veritatis
1181 2342 1216 2400 et
1227 2335 1382 2402 iustitiae

237 2458 371 2523 ratione
395 2457 528 2537 audire;
552 2459 584 2524 4.
609 2458 702 2544 quia,
722 2457 821 2525 iuxta
839 2461 1048 2525 sententiam
1066 2458 1193 2545 tragici
1217 2459 1381 2546 Senecae,

239 2583 436 2670 quicunque
459 2584 582 2650 statuit
606 2583 774 2651 iudicium
798 2591 897 2671 parte
920 2584 1078 2651 inaudita
1102 2585 1222 2669 altera,
1243 2586 1380 2652 etiamsi

238 2709 328 2775 iusta
348 2716 492 2794 statuat,
513 2710 663 2776 iniustus
682 2716 743 2775 est.

327 2834 366 2899 si
389 2834 576 2902 secundum
599 2834 706 2901 fuerit
728 2842 871 2924 propter
886 2858 1047 2923 praesens
1071 2841 1221 2923 tempus,
1241 2837 1306 2903 hoo
1329 2844 1382 2903 est

171 2975 215 3038 ‘20
237 2982 298 3046 per
322 2965 490 3045 aetatem,
515 2960 632 3026 evenit
654 2960 854 3049 dupliciter:
878 2961 934 3028 vel
958 2961 1038 3048 quia
1062 2961 1193 3045 iunior,
1217 2962 1273 3027 vel
1298 2963 1380 3049 quia

238 3085 363 3169 senior,
380 3108 484 3171 quam
500 3109 563 3173 par
581 3086 640 3171 sit,
654 3087 697 3152 ad
708 3085 910 3164 diloendum
930 3087 1064 3171 veniat3
1084 3093 1270 3172 utrumque
1286 3088 1379 3155 enim
1405 3093 1475 3156 52
1486 3093 1531 3154 F

238 3212 380 3278 moleste
396 3212 513 3278 ferunt
532 3211 718 3295 auditores,
731 3212 878 3278 alterum
897 3234 997 3278 exeo
1017 3213 1108 3298 quod
1127 3213 1246 3279 deceat
1264 3213 1379 3301 ipsum

237 3338 305 3403 iam
326 3338 514 3423 quiescere,
532 3337 679 3402 alterum
702 3359 782 3402 vero
807 3337 888 3422 quia
905 3337 1058 3403 nondum
1074 3337 1226 3425 incipere
1245 3337 1378 3405 debeat.

239 3464 358 3529 Iunior
376 3463 485 3551 igitur
507 3485 585 3529 suas
604 3462 757 3529 rationes
781 3463 885 3547 eruit,
908 3463 936 3528 1.
961 3486 1003 3528 ex
1025 3463 1173 3550 pecunia
1198 3463 1324 3530 actoris
1344 3473 1379 3530 et

172 3599 215 3663 ⁶25
241 3588 493 3671 consultorum,
521 3591 551 3653 2.
583 3594 726 3676 propter
754 3588 906 3655 studium
930 3595 965 3654 et
987 3588 1152 3670 laborem,
1178 3612 1265 3676 quae
1289 3597 1379 3656 aeta

239 3720 309 3779 tem
333 3720 478 3800 possunt
501 3714 674 3801 supplere;
704 3716 733 3779 3.
753 3722 897 3802 propter
919 3714 1103 3780 veritatem
1131 3720 1166 3780 et
1189 3715 1377 3801 iustitiam,

239 3861 326 3925 quae
356 3839 394 3903 in
426 3860 631 3924 quocunque
661 3838 839 3905 defensore
869 3846 904 3905 et
934 3846 1067 3923 actore,
1101 3839 1207 3905 etiam
1236 3841 1377 3927 exigu0,

239 3969 405 4051 praestat,
427 3985 513 4048 quae
535 3985 605 4028 non
625 3971 676 4029 est
695 3962 875 4050 iniuriosa,
894 3965 1098 4052 praesertim
1117 3966 1179 4031 ubi
1198 3973 1380 4051 quantum-

239 4089 292 4154 vis
317 4111 482 4174 magnum
511 4096 545 4153 et
573 4088 737 4154 eximium
765 4088 890 4155 habeat
917 4098 1209 4177 oppugnatorem,
1237 4092 1267 4155 4.
1298 4093 1379 4177 qnis-

173 4222 217 4284 30
240 4212 382 4295 veritas,
401 4213 627 4299 undecunque
650 4238 685 4279 se
709 4222 836 4296 exerat,
858 4215 1017 4280 amabilis
1036 4222 1100 4298 est,
1121 4226 1156 4282 et
1179 4217 1272 4282 Deus
1290 4217 1379 4282 hano

245 4343 324 4350 .--.
346 4342 1149 4352 ——-—-——-——.—.—-.....——..

328 4399 601 4452 4.5exstiterint0
664 4402 695 4452 12
712 4401 809 4452 Primo
823 4401 862 4451 F:
878 4401 940 4466 1)0
1002 4404 1139 4470 21patF
1199 4404 1379 4471 2lforsepe·

240 4480 344 4531 nuria?
360 4481 401 4544 Ψ.
417 4480 547 4542 [Aristeu]
559 4499 589 4546 p.
605 4481 680 4532 mer
693 4482 726 4532 40
787 4481 819 4532 50
832 4488 948 4534 exserat
958 4483 983 4535 G
