3390 5122
572 430 766 476 uarrsrcrvu
787 432 991 496 PERORANDI,
1013 435 1034 480 1.
1317 423 1376 481 365

367 591 419 656 23.
444 592 477 656 A
494 591 634 657 minori:
655 590 811 676 ‘siquod
827 590 942 658 minus
957 592 1114 670 vildetur
1129 593 1263 678 fecisse,
1281 595 1374 679 feeit,
1402 601 1471 665 78
1484 604 1529 665 F

234 735 294 778 aur
312 736 383 779 non
403 722 438 781 et
455 715 536 800 hoe,
557 715 648 801 quod
667 715 778 781 maius
797 723 988 783 attentasse
1007 717 1209 784 videaturl'

367 841 420 904 24.
444 840 476 905 A
504 839 595 927 pari:
619 839 755 928 ‘potuit
779 849 871 907 certe
899 840 1044 908 fratrem
1074 841 1251 927 occidisse,
1283 843 1375 929 quod

233 987 311 1030 eum
330 964 529 1051 aliquando,
550 989 626 1032 oum
649 967 803 1054 potuerit
833 967 876 1033 ab
906 965 1060 1034 instante
1091 975 1200 1033 morte
1225 969 1373 1055 eripere,

188 1085 209 1148 5
233 1111 303 1155 non
322 1089 475 1177 eripuit)

691 1361 791 1429 GAP.
819 1363 922 1428 XXI.

452 1508 513 1548 Loca
527 1512 720 1559 argumentorum,
735 1519 794 1558 quta
809 1509 837 1549 ab
851 1508 979 1549 extrinseco
994 1508 1150 1550 denumuutur.

319 1715 537 1801 Argumenta
556 1713 599 1779 ab
619 1711 770 1778 externis
789 1713 985 1800 desumpta,
1005 1719 1127 1800 utpote
1152 1715 1195 1779 ab
1219 1715 1263 1780 iis
1283 1739 1371 1802 quae

230 1861 301 1905 non
324 1839 367 1904 ab
398 1838 541 1925 ingenio
566 1838 724 1922 oratoris,
756 1837 815 1904 sed
844 1859 864 1902 a
889 1859 1010 1903 causae
1040 1838 1210 1924 qualitate
1241 1840 1371 1908 duoun-

166 1967 208 2030 10
231 1970 301 2048 tur,
321 1971 417 2030 sunt:

364 2093 437 2155 l.a
471 2111 607 2175 rumore
642 2112 701 2155 seu
731 2089 774 2155 ab
805 2110 845 2154 eo
875 2088 966 2174 quod
993 2089 1135 2177 plurimi
1166 2091 1368 2178 opinantur,

230 2215 444 2300 ominantur,
465 2215 694 2303 suspicantur.

363 2343 393 2407 2.
418 2364 438 2407 a
455 2340 560 2424 fama,
582 2348 702 2428 utpote
722 2341 764 2407 ab
784 2363 824 2406 eo
843 2339 935 2427 quod
953 2341 995 2406 de
1013 2362 1072 2406 reo
1091 2347 1238 2408 constat.

363 2469 393 2532 3.
417 2491 437 2534 a
455 2474 603 2552 tortura,
623 2473 743 2554 utpote
762 2468 806 2532 ab
824 2467 867 2533 iis
892 2489 978 2552 quae
995 2467 1068 2554 ipse
1087 2468 1143 2532 vel
1163 2468 1251 2534 alius
1272 2490 1370 2534 coao-

165 2593 206 2657 15
229 2599 286 2658 tus
305 2600 357 2658 est
376 2591 488 2658 fateri.

360 2717 392 2782 4.
416 2717 592 2783 atabellis
610 2717 666 2783 vel
685 2718 837 2805 seriptis,
863 2740 950 2804 quae
969 2717 1041 2784 eius
1071 2741 1176 2785 manu
1194 2720 1251 2785 vel
1278 2721 1367 2786 alius

228 2843 330 2908 fidem
350 2841 510 2909 facientis
529 2843 756 2909 adducuntur.

1394 2937 1463 3001 ’79
1475 2938 1520 2998 1⁴⁷

361 2969 391 3032 ὃ.
416 2990 436 3033 a
454 2967 688 3053 iureiurand0‚
708 2967 895 3056 praeterito
913 2967 969 3033 vel
988 2976 1180 3056 praesente,
1199 2971 1366 3057 requisito
1395 3028 1493 3090 148
1510 3025 1551 3091 G

227 3118 286 3161 seu
305 3093 400 3178 dato,
418 3094 474 3160 vel
492 3095 700 3180 requirendo
719 3117 778 3161 seu
797 3093 920 3160 dando,

159 3235 204 3298 20
360 3222 390 3286 6.
415 3220 683 3308 apraeiudiciis,
703 3226 824 3308 utpote
846 3219 902 3285 vel
925 3220 968 3286 ab
988 3219 1041 3285 his
1065 3243 1152 3307 quae
1171 3222 1257 3287 alias
1277 3222 1369 3288 iudi-

226 3353 303 3412 oata
326 3353 407 3411 sunt
431 3346 469 3411 in
492 3345 597 3411 simili
621 3368 740 3431 causa,
759 3345 815 3411 vel
838 3345 881 3411 ab
900 3344 1057 3431 hisquae
1082 3344 1125 3411 ad
1148 3355 1366 3433 praesentem

224 3478 361 3538 'oausam
384 3469 534 3554 fatiunt,
552 3470 608 3536 vel
624 3493 644 3536 a
659 3469 815 3556 probatis
831 3475 865 3537 et
881 3469 1042 3536 iudicatis
1058 3469 1096 3535 in
1112 3469 1230 3536 eadem
1251 3494 1366 3537 causa.

359 3597 387 3661 7.
412 3618 432 3661 a
451 3596 611 3679 testibus,
624 3617 709 3681 quos
720 3601 815 3662 reeta
827 3594 960 3661 ratione
976 3594 1156 3679 formatos,
1174 3595 1367 3661 instructos

225 3742 489 3788 commemorare
505 3721 684 3804 debemus,
702 3726 823 3809 utpote
839 3719 921 3805 quia
936 3719 1034 3803 iusti,
1051 3719 1253 3808 prudentes,
1266 3743 1367 3807 prae·

157 3857 200 3922 25
224 3843 337 3912 sentes
356 3845 394 3912 in
412 3869 505 3929 casu,
525 3868 596 3913 non
618 3844 709 3913 varii
732 3844 787 3910 vel
812 3867 832 3910 a
855 3850 980 3911 natura
1004 3845 1168 3928 declivas,
1187 3868 1258 3912 non
1278 3868 1367 3912 mer-

224 3971 304 4038 cede
323 3971 564 4039 conducibilea

355 4098 387 4163 8.
412 4121 432 4164 a
450 4097 600 4184 legibuS,
620 4119 708 4183 quae
726 4097 782 4162 vel
805 4095 939 4186 faciunt
958 4096 1002 4163 ad
1024 4106 1180 4164 nostram
1205 4119 1360 4182 oausam,

223 4231 258 4287 et
276 4221 358 4288 hina
387 4223 482 4290 loeus
501 4230 553 4289 est
572 4222 615 4288 ab
636 4244 754 4288 aarum
773 4221 994 4306 necessitate,
1018 4222 1172 4289 utilitate
1192 4230 1266 4307 eta,
1287 4229 1322 4287 et
1341 4244 1361 4287 a

331 4416 347 4464 2
371 4415 476 4482 majus,
503 4422 664 4465 attentasse
690 4415 727 4476 0,
753 4432 798 4465 mo
821 4413 834 4464 ὲ
854 4416 983 4479 piottosto
1007 4416 1044 4466 do
1064 4432 1219 4482 cor-rapport
1245 4415 1360 4466 videtur

220 4498 237 4547 3
252 4497 329 4564 quod
342 4497 378 4547 F:
395 4497 444 4563 qui
458 4495 483 4546 G
546 4497 577 4548 18
592 4496 665 4547 abG
729 4497 761 4546 24
770 4497 850 4559 forae
864 4495 1088 4547 commendare?
