3390 5122
334 377 392 436 194
772 391 912 436 {onnam
933 392 1034 435 savar

333 571 401 636 qua
425 549 487 613 fini
506 549 609 614 unius
631 548 784 635 regionis
805 549 858 613 vel
877 548 960 613 atrii
982 549 1123 613 alterius
1142 550 1297 634 regionis
1324 551 1378 614 vel
1397 548 1478 614 atrii

332 674 545 762 principium
573 681 791 759 annectatur,
818 680 940 761 utpote
969 698 1143 740 annexum
1172 675 1391 761 intelligatur
1423 675 1479 738 vel

333 798 497 886 imaginis
524 799 716 865 adiectivae
748 800 992 883 similitudine,
1022 803 1077 867 vel
1105 801 1310 867 indicatorio
1331 799 1479 885 quodam

335 925 485 990 ordine*
504 925 541 990 in
554 947 684 991 morem
709 947 776 1011 quo
794 926 943 1012 paginae
960 927 1090 1014 pagina
1110 927 1278 1010 assuitur,
1298 927 1353 991 vel
1369 925 1479 989 inten-

290 1053 311 1116 5
334 1050 446 1117 tiones
466 1049 550 1115 alibi
574 1051 768 1138 descriptae
794 1051 1019 1138 depictasque
1046 1058 1139 1117 certo
1167 1052 1281 1116 indice
1299 1051 1376 1117 istis
1403 1049 1479 1114 heic

334 1175 480 1263 depictis
496 1182 600 1262 atque
619 1175 801 1264 descriptis
821 1177 1041 1242 adiiciuntur.
1067 1176 1125 1241 Sic
1143 1177 1358 1243 Athenarum
1377 1183 1478 1264 porta

334 1300 529 1366 Thebarum
548 1309 669 1388 portae
688 1303 870 1386 adhaeret,
890 1303 1024 1368 Dianae
1046 1304 1214 1390 templum
1230 1303 1360 1390 templo
1376 1302 1480 1389 Apol-

332 1424 414 1491 linis
434 1448 538 1511 quam
556 1426 668 1493 facile.

670 1652 704 1690 De
717 1653 816 1691 secundo
830 1652 958 1701 specierum
970 1653 1142 1701 complemento.

269 1853 311 1916 10
423 1871 439 1917 a
467 1856 619 1921 Rursum
643 1856 718 1922 loca
737 1856 822 1921 locis
841 1866 1043 1940 assuuntur,
1065 1857 1203 1941 quando
1231 1857 1358 1921 atrium
1390 1856 1478 1920 atrio

333 2004 393 2049 suo
413 1981 533 2048 ordine
552 1981 719 2063 succedit,
739 1988 774 2046 et
793 2004 832 2046 ea
853 2005 940 2067 (puae
971 1990 1052 2046 sunt
1082 1983 1119 2045 in
1145 1983 1233 2047 atrio
1253 1982 1306 2046 his
1336 2004 1423 2066 quae
1442 1981 1479 2045 in

333 2107 421 2173 atrio
451 2107 661 2191 consistunt,
684 2107 794 2172 veluti
822 2115 915 2172 certa
942 2109 1030 2172 serie
1054 2114 1135 2173 sunt
1159 2108 1341 2194 disposita,
1366 2118 1406 2172 ut
1436 2107 1479 2171 ab

333 2233 493 2298 omnibns
513 2231 646 2316 (officio
661 2233 809 2297 actionis
829 2233 886 2299 vel
906 2234 1075 2318 passionis
1098 2233 1154 2298 vel
1178 2232 1410 2317 cuiuscunque
1431 2231 1480 2295 al-

332 2359 513 2424 terationis
533 2362 659 2446 specie)
672 2359 762 2424 ratio
781 2360 832 2424 rei
848 2360 1095 2444 significandae
1106 2369 1140 2424 et
1153 2360 1189 2423 in
1209 2365 1392 2445 aspectum
1405 2381 1479 2445 pro·

269 2475 310 2539 15
334 2484 508 2549 vocandae
532 2486 744 2570 exquiratur.

687 2711 721 2749 De
734 2711 801 2750 tertio
817 2712 942 2760 specierum
954 2711 1127 2760 complemento.

425 2910 441 2945 ‘-
469 2898 622 2962 Rursum
642 2908 675 2961 et
695 2898 828 2962 diuersa
849 2899 1000 2962 locorum
1014 2922 1140 2983 genera
1156 2922 1230 2962 curn
1246 2899 1478 2980 inveniantur,

334 3026 449 3110 quadie
474 3026 508 3089 in
534 3027 611 3090 aliis
632 3027 900 3091 tractationibus
924 3026 1187 3112 explicavimus,
1208 3027 1362 3092 verbalia
1383 3036 1415 3091 ct
1437 3028 1479 3091 si·

334 3151 640 3232 mimathematica,
663 3153 859 3217 artificialia
882 3168 915 3216 et
931 3153 1105 3218 naturalia
1123 3154 1167 3218 ad
1193 3177 1331 3218 sonsum
1352 3155 1355 3241 l
1377 3177 1480 3240 appo-
1508 3159 1577 3222 99

267 3280 312 3345 20
335 3275 414 3358 sita,
434 3276 470 3340 in
490 3277 648 3363 partibus
675 3279 777 3342 nnius
800 3279 936 3363 generis
961 3287 1077 3365 partes
1105 3279 1247 3344 alterius
1271 3280 1407 3363 generis
1428 3281 1479 3342 in-

336 3401 532 3487 telligimus

681 3611 714 3648 Dc
727 3617 808 3658 ‹piarto
820 3612 944 3660 specterum
958 3612 1130 3661 complemento.

425 3811 439 3855 'l
468 3798 566 3874 Quod
579 3821 659 3863 vero
670 3799 712 3862 ad
729 3823 765 3863 ea
785 3822 871 3883 iprae
885 3800 968 3864 locis
985 3801 1213 3886 applicantur,
1227 3800 1478 3886 providendum

336 3932 387 3988 est
410 3947 472 4011 pro
499 3925 715 3989 diversorum
739 3947 906 4010 generum
927 3926 1169 4005 elementariis,
1193 3934 1232 3991 nt
1252 3926 1280 3990 si
1299 3947 1479 3989 numerum

269 4050 312 4113 25
336 4072 406 4112 non
432 4049 599 4113 excedant
623 4050 793 4116 elementa
813 4053 916 4117 unius
937 4053 1072 4138 generis
1096 4053 1237 4117 alterins
1262 4052 1398 4137 generis
1417 4051 1481 4114 ele-

336 4186 466 4253 menta,
486 4182 521 4239 et
545 4176 712 4259 (praedam
732 4178 836 4241 nnius
856 4179 992 4262 generis
1020 4181 1062 4243 ab
1083 4180 1225 4245 alterius
1252 4178 1389 4264 generis
1409 4177 1481 4260 qni-

426 4388 494 4440 4250
559 4392 642 4440 11.1·2
662 4394 740 4455 forse
764 4402 866 4452 (curn)
886 4395 930 4442 his
949 4409 1022 4459 quae
1041 4395 1071 4443 in
1091 4397 1165 4444 atrio
1185 4395 1351 4444 consistunt
1371 4390 1481 4441 veluti?

334 4472 415 4523 18.19
431 4472 710 4534 slmimathematiea]
726 4475 763 4524 sic
825 4478 857 4528 24
869 4480 949 4543 sorae
964 4477 1107 4529 numero?
