3390 5122
544 434 737 480 aarrrrcrvn
761 432 964 496 saracenam,
988 437 1008 480 1.
1287 423 1346 481 349

204 602 328 681 parata
351 592 491 659 ditiores
514 594 629 659 effecti
651 593 796 677 fuerint,
821 600 864 667 ut,
883 594 1037 680 ipsorum
1060 615 1172 680 poena
1201 600 1273 659 tum
1311 592 1347 656 in

205 719 607 806 publicam'utilitatem,
633 726 706 784 tum
731 719 836 784 etiam
860 719 896 784 in
919 718 1098 806 publicum
1127 725 1349 793 convertatur

140 891 142 894 ψ
206 845 413 932 exemplum
440 846 470 909 6.
499 845 528 910 si
557 844 833 930 delinquentium
855 843 1010 910 facinora
1034 843 1174 932 publica
1197 843 1347 930 pecunia

205 975 387 1055 taxentur,
409 974 414 1056 l
434 971 518 1035 item
549 969 579 1034 si
607 969 767 1053 inutiles,
791 969 885 1055 vagi,
906 970 1032 1035 inertes
1056 976 1091 1035 et
1115 970 1175 1054 qui
1203 968 1472 1043 honesta134
1487 971 1528 1036 G

162 1097 183 1159 5
206 1094 340 1160 ratione
358 1095 550 1160 necessaria
572 1094 666 1160 vitae
684 1100 860 1181 nequeunt
884 1094 952 1160 sibi
979 1115 1191 1182 comparare,
1212 1093 1348 1178 alilqua
1372 1103 1443 1164 4¹?
1457 1102 1501 1163 F

207 1219 338 1306 reipub.
359 1218 489 1305 frugali
508 1219 643 1285 ratione
661 1227 884 1286 coerceantur
900 1218 954 1284 vel
975 1219 1169 1286 eiiciantur.

672 1563 771 1628 OAP.
800 1561 883 1628 XII.

690 1709 723 1747 Dc
738 1708 863 1758 prooemio.

294 1968 345 2034 De
363 1967 495 2055 triplici
513 1989 638 2053 genere
652 1965 829 2032 exordium
847 1967 953 2052 (quod
970 1974 1022 2032 est
1038 1940 1153 2064 brevis
1170 1967 1276 2034 dictio
1296 1990 1349 2033 eo·
1418 1988 1421 1993 ·
1508 2045 1512 2053 ⁵

142 2098 183 2160 10
205 2114 296 2178 rum,
322 2115 409 2178 quae
439 2093 476 2158 in
506 2093 705 2158 narratione
732 2114 792 2157 seu
826 2092 982 2158 discursu
1010 2091 1226 2178 exsequenda
1254 2100 1348 2177 sunt)

205 2217 307 2284 debet
318 2241 389 2284 esse
403 2217 777 2304 compendiosissimam
790 2225 825 2283 et
839 2225 908 2283 tres
920 2217 1103 2284 admittere
1119 2216 1349 2297 conditiones,

206 2349 328 2430 utpote
351 2349 390 2408 ut
416 2344 443 2407 1.
467 2341 589 2408 reddat
623 2340 797 2408 auditores
821 2341 963 2428 docileS,
990 2363 1032 2408 ex
1055 2342 1131 2428 ipsa
1153 2340 1349 2407 intentione

206 2467 416 2553 significata,
458 2473 498 2532 01
533 2467 563 2532 si
591 2467 685 2532 dicat
714 2465 948 2555 ‘propositum
976 2465 1062 2532 mihi
1094 2475 1148 2533 est
1182 2466 1348 2532 adducere

206 2591 372 2675 rationes,
395 2591 521 2678 quibus
547 2590 732 2678 indignum
759 2614 820 2658 vos
848 2592 1059 2659 iudicaturos
1090 2591 1249 2657 existimo
1284 2592 1348 2656 hoc

140 2721 181 2783 lo
204 2723 357 2804 tempore
375 2716 459 2782 belli
479 2717 595 2783 subire
620 2717 820 2783 discrimina
833 2718 856 2799 '3
886 2719 916 2782 2.
939 2717 1001 2783 fiat
1024 2715 1163 2782 auditor
1193 2722 1347 2781 attentus

204 2843 261 2907 vol
284 2864 326 2907 ex
344 2843 394 2908 rei
413 2843 609 2929 propositae
625 2842 878 2930 magnitudine,
898 2849 1089 2926 momento,
1108 2841 1271 2929 pondera,
1291 2841 1349 2906 vel

206 2967 287 3052 quia
311 2967 400 3052 quod
426 2975 484 3033 est.
501 2966 683 3034 dicendum
712 2968 860 3033 maxime
883 2967 927 3033 ad
951 2990 1008 3033 eos
1031 2967 1083 3033 vel
1110 2966 1154 3033 ad
1178 2964 1346 3052 rempubl.

204 3093 328 3179 faciat,
349 3101 424 3159 tum
452 3093 533 3179 quia
556 3093 599 3158 (16
621 3094 724 3159 rebus
747 3093 864 3160 arduis
888 3099 922 3159 et
945 3092 1146 3159 necessariis
1168 3092 1224 3158 vel
1248 3090 1348 3156 terri-

203 3219 333 3285 bilibus
347 3218 506 3285 habende
517 3226 568 3285 est
581 3219 715 3302 concio,
728 3225 804 3285 tum
825 3222 829 3304 Ι
849 3218 990 3284 tandem
1002 3217 1083 3304 quia
1099 3217 1141 3283 de
1160 3217 1245 3304 ipsis
1259 3238 1347 3303 quae
1371 3219 1442 3281 48
1457 3219 1501 3281 F
1622 3300 1627 3311 .

137 3356 181 3419 20
204 3344 247 3409 ad
261 3344 407 3430 gloriae,
418 3344 571 3428 honoris,
584 3343 761 3427 utilitatis,
776 3342 1002 3437 iucunditatis
1012 3350 1047 3409 et
1066 3342 1220 3409 iustitiae
1239 3343 1348 3407 incre·

204 3478 359 3538 mentum
377 3472 434 3537 vel
451 3473 719 3537 emolumentum
731 3469 881 3554 faciunt;
898 3472 928 3536 3.
948 3478 987 3536 ut
1005 3470 1194 3538 reddantur
1214 3469 1347 3536 audito·

204 3617 257 3662 res
277 3597 446 3664 benevoli.
459 3596 646 3664 Auditores
661 3602 775 3662 autem
791 3603 851 3662 aut
862 3605 944 3663 sunt
955 3597 1025 3662 iam
1041 3595 1212 3678 benevoli,
1225 3603 1347 3682 utpote

204 3722 245 3787 (16
262 3743 406 3808 quorum
430 3723 500 3788 iam
513 3721 580 3787 tibi
603 3721 721 3789 favore
737 3721 945 3809 pollicearis,
958 3728 1019 3787 aut
1030 3728 1112 3788 sunt
1128 3720 1268 3802 infensi,
1286 3727 1348 3785 aut

203 3848 328 3913 neutri.
362 3847 399 3913 Si
430 3847 603 3932 benevoli,
639 3846 769 3913 frustra
797 3847 925 3934 (inquit
957 3846 1174 3930 Aristoteles)
1209 3852 1346 3932 tempus

137 3978 180 4040 25
203 3972 346 4040 terimus
369 3973 407 4039 in
429 3971 626 4039 huiusmodi
644 3971 836 4057 functione,
861 3973 930 4038 imo
953 3980 988 4038 61
1011 3971 1208 4038 videbimur
1230 3970 1346 4057 potius

203 4099 361 4185 provisae
393 4105 428 4164 et
457 4098 708 4186 premeditatae
737 4097 904 4165 orationis
933 4118 1070 4164 cursum
1103 4095 1217 4182 sequi,
1242 4117 1345 4180 quam

206 4224 393 4290 occasionis
419 4231 453 4291 et
476 4246 701 4311 personarum
724 4223 893 4290 rationem
915 4223 1051 4289 habere.
1077 4220 1213 4288 Sufficit
1236 4218 1345 4305 igitur

297 4493 329 4543 25
344 4492 431 4543 immo
447 4491 470 4543 G
533 4493 565 4542 ‘26
580 4491 803 4557 praemeditatae
815 4490 923 4540 enwada
939 4490 963 4542 G
