3390 5122
230 374 267 434 14
669 388 808 434 reamur
828 386 930 434 savar

228 544 345 630 aliqua
373 545 535 632 voluptas
558 566 629 611 non
652 543 699 611 sit
722 545 868 629 bonum,
889 545 1038 610 bonum
1063 549 1115 609 est
1133 541 1371 630 praedicatum

226 670 466 756 problematiS,
485 671 678 758 voluptas
696 675 749 737 est
767 670 971 737 subiectum.

315 897 348 963 A
364 919 446 984 ergo
465 895 640 984 significat
656 916 782 963 nouvu.

316 1024 346 1088 B
362 1022 461 1108 utile,
482 1021 772 1110 prosequendum,
786 1019 990 1108 appetibile,
1007 1020 1144 1106 favens,
1154 1041 1372 1117 conservans.

182 1153 204 1216 b
316 1148 600 1232 Cfoelicitatem,
624 1148 823 1233 sanitatem,
848 1147 1036 1233 integrum,
1061 1145 1372 1233 pulchritudinem,

227 1276 403 1342 virtutem.

315 1401 347 1466 D
363 1399 582 1487 fugiendum,
593 1422 734 1484 nocens,
748 1399 914 1484 alienum,
934 1397 1127 1483 destruens,
1139 1419 1371 1484 corrumpens.

316 1528 345 1592 E
364 1526 539 1612 significat
558 1546 788 1593 vouvrrarnu.
1398 1519 1498 1586 '713
1514 1519 1556 1587 G

315 1651 547 1739 Fplacitum,
578 1650 786 1717 naturaliter
815 1649 1020 1738 appetibile,
1050 1647 1167 1734 facile,
1199 1668 1371 1731 securum,

163 1783 205 1847 10
228 1777 393 1864 quietum.

314 1902 349 1966 G
368 1908 505 1988 gratam
528 1901 839 1984 conversationem,
859 1900 1015 1984 divitias,
1039 1899 1218 1982 honorem,
1242 1898 1371 1966 bonum

227 2027 441 2113 coniugium,
462 2027 655 2093 vindictam
674 2051 716 2092 ex
735 2027 903 2093 hostibus,

315 2152 350 2217 H
368 2153 534 2239 laborem,
559 2152 724 2237 dolorem,
749 2158 1004 2241 paupertatem,
1028 2150 1188 2234 dedecuS,
1207 2148 1371 2215 taedium.

315 2402 521 2469 Volentibus
544 2402 655 2488 igitur
677 2402 920 2468 universaliter
939 2400 1143 2469 concludere
1160 2402 1192 2468 A
1211 2403 1254 2468 de
1272 2403 1302 2467 Ε
1324 2425 1373 2468 re·

162 2527 203 2591 15
227 2525 442 2614 spiciendum
459 2534 512 2594 est
529 2528 573 2594 ad
590 2527 830 2594 antecedentia
843 2528 1035 2615 praedicati
1054 2528 1148 2595 etad
1165 2551 1373 2615 consequen·

226 2652 277 2718 tia
295 2653 460 2736 subiecti3
480 2677 562 2720 nam
581 2653 610 2720 si
641 2653 783 2740 aliquod
804 2653 928 2720 horum
956 2654 1003 2720 sit
1032 2654 1124 2721 idem
1147 2677 1225 2721 cum
1248 2655 1370 2739 altere,

225 2779 370 2847 habebis
388 2781 488 2846 iuxta
506 2781 657 2868 primum
675 2781 808 2869 primae
826 2783 958 2869 figurae
983 2782 1123 2849 modum
1149 2782 1241 2868 quod
1261 2782 1374 2847 inten-

225 2904 288 2971 dis.
309 2906 377 2983 Qui
395 2906 492 2994 cupit
510 2907 721 2993 particulare
749 2906 1009 2991 affirmativum,
1028 2907 1193 2996 respiciat
1215 2930 1267 2989 an,
1280 2906 1371 2972 idem

225 3030 297 3096 sint
316 3030 486 3116 quaedam
509 3054 550 3096 ex
573 3031 856 3099 antecedentibus
879 3033 1060 3118 utriusque
1089 3034 1152 3119 (ita
1176 3033 1269 3099 enim
1292 3055 1372 3098 con·

159 3152 204 3216 20
226 3155 341 3222 cludet
357 3157 394 3222 in
410 3157 537 3246 prime,
557 3157 661 3224 tertio
677 3165 713 3225 et
732 3166 856 3245 quarto
874 3159 1007 3248 figurae
1022 3160 1175 3246 tertiae),
1195 3157 1251 3225 vel
1269 3158 1375 3246 respi-
1397 3165 1492 3229 assr
1509 3168 1551 3228 P

226 3282 296 3349 ciat
330 3282 373 3349 ad
407 3283 581 3350 contraria
608 3284 798 3371 praedicati
828 3291 864 3350 et
892 3285 1132 3351 antecedentia
1162 3283 1310 3352 subiecti
1342 3284 1371 3351 si

226 3406 447 3491 concordent3
467 3408 597 3496 poterit
613 3409 706 3474 enim
725 3409 929 3477 concludere
952 3411 989 3476 in
1012 3411 1124 3498 primo
1144 3417 1248 3495 atque
1267 3409 1372 3475 tertio

225 3532 359 3621 primae
381 3533 512 3621 figurae
535 3534 709 3601 mediante
732 3537 955 3603 conversione
974 3536 1213 3604 conclusionis.
1230 3537 1319 3600 Item
1335 3535 1373 3600 in

226 3659 341 3724 tertia.
366 3658 434 3737 Qui
462 3658 694 3727 universalem
716 3662 917 3748 negativam
942 3662 1094 3749 quaerit,
1112 3660 1231 3728 videat
1258 3683 1303 3726 an
1327 3660 1373 3725 sit

159 3788 203 3852 25
227 3785 474 3853 concordantia
506 3787 599 3853 inter
629 3787 877 3874 consequentia
904 3787 1052 3853 subiecti
1080 3793 1115 3852 et
1138 3786 1374 3875 repugnantia

226 3912 418 3999 praedicati
442 3912 679 3995 (concludetur
699 3914 789 3980 enim
815 3915 854 3979 in
877 3913 1026 3980 secundo
1049 3913 1182 4001 primae
1205 3919 1240 3978 et
1258 3911 1371 3999 primo

227 4038 397 4104 secundae
415 4038 576 4125 figurae),
595 4041 651 4106 vel
670 4062 715 4106 an
735 4039 944 4107 concordent
968 4038 1201 4127 repugnantia
1225 4036 1372 4103 subiecti

227 4170 262 4230 et
281 4165 527 4252 consequentia
544 4165 750 4254 praedicati,
767 4173 806 4232 ut
823 4164 1006 4233 concludat
1025 4166 1062 4231 in
1081 4165 1231 4231 secunda
1250 4165 1372 4251 figura.

320 4442 335 4492 7
352 4456 461 4494 nocens
476 4442 601 4494 alienum
615 4443 641 4493 P
704 4442 736 4493 13
752 4443 861 4492 tedium
873 4442 921 4492 ΡΑ
