3390 5122
576 419 620 461 ns
642 419 884 464 courcsrrroun
905 418 1087 479 mnemvu,
1110 418 1144 462 11.
1367 405 1426 461 215

285 574 340 638 Ad
358 596 539 639 numerum
559 579 611 638 est
629 581 788 640 revocate
805 597 905 640 suum
924 573 1020 640 nulle
1039 581 1114 639 arte
1133 574 1302 660 chirurgi,

285 701 502 785 Luminaque
520 701 660 785 gemino
679 700 848 786 languent
867 701 1001 766 occulte
1019 701 1082 766 sub
1102 707 1217 785 entre,

287 825 515 911 Exanguique
534 825 640 890 refert
660 825 816 891 cinerosa
835 825 1002 892 cadevera
1025 826 1136 890 busto.

285 949 393 1014 Arida
412 950 497 1015 dant
516 950 649 1016 nullum
669 950 746 1016 cibo
765 951 931 1017 intestina
950 958 1118 1036 meatum,

240 1075 260 1136 h
285 1074 333 1139 Ut
352 1074 471 1139 sabulo
492 1082 650 1140 concrete
669 1076 797 1160 iacent,
816 1083 850 1140 et
868 1075 1000 1141 ventris
1019 1074 1116 1140 inani

285 1200 396 1265 Tense
415 1200 478 1264 sub
499 1200 581 1266 orbe
596 1208 718 1288 patent
736 1201 834 1266 tenui
853 1200 1040 1288 pendentia
1059 1200 1127 1267 filo.

285 1327 430 1413 Spincm
446 1327 536 1415 pelle
556 1330 659 1415 tegit,
679 1351 749 1394 non
764 1329 903 1403 occulit;
922 1328 1076 1413 undique
1095 1351 1244 1413 namque

284 1451 409 1517 Pervie
423 1453 567 1519 ramosis
583 1453 680 1520 oculo
701 1453 1069 1541 compagihu’substat.

284 1577 378 1642 Dens
399 1577 532 1643 mordet
551 1578 703 1661 dentem,
723 1578 821 1645 labra
840 1602 934 1646 ossea
952 1578 1143 1666 linguaque
1163 1578 1300 1662 lambit,

219 1699 261 1760 10
283 1703 330 1766 Et
347 1708 471 1787 guttur
490 1726 634 1768 vacuam
651 1711 795 1770 ventum
814 1711 996 1790 congerret
1015 1704 1053 1768 in
1071 1704 1202 1787 alvum,

283 1827 437 1912 Turgidc
456 1827 485 1892 si
504 1827 585 1893 bilis
604 1836 767 1894 consuete
784 1829 948 1894 alimenta
967 1828 1118 1914 negarit,

284 1953 444 2038 Exangui
461 1961 500 2018 ut
518 1954 646 2019 referat
665 1955 819 2020 cinerosa
839 1954 1005 2020 cadavere
1025 1955 1135 2020 busto.

287 2079 351 2143 Vix
369 2101 409 2143 ea
428 2079 580 2144 membra
599 2079 704 2162 levat,
726 2079 840 2145 tenuis
859 2080 919 2145 vix
935 2080 1077 2166 spiritus
1097 2080 1208 2166 ipsam

284 2203 494 2269 Advectasse
512 2212 640 2291 potest;
660 2206 884 2291 quantumvis
903 2205 1054 2292 pondere
1073 2206 1170 2271 nullo

219 2322 260 2385 15
285 2330 392 2394 Moles
412 2330 490 2394 ulla*
503 2337 649 2417 premat,
668 2331 729 2396 vix
747 2339 876 2396 rectam
900 2331 1048 2396 sustinet
1068 2338 1162 2396 etse.

285 2455 413 2520 Tebem
432 2478 495 2543 pro
515 2457 592 2520 cibo
608 2457 785 2543 propriam
805 2456 1014 2543 depascitur,
1035 2455 1191 2542 hancque

285 2581 448 2665 Egestam
466 2582 594 2667 repetit
612 2588 816 2668 tempusque
835 2604 897 2668 per
916 2603 1016 2647 omne
1035 2580 1191 2663 resumit,

283 2705 333 2771 Ut
351 2706 492 2792 propria
511 2706 552 2771 de
572 2714 682 2772 morte
702 2729 762 2772 suo
782 2714 816 2771 et
836 2706 878 2771 de
896 2706 1039 2793 pulvere
1057 2706 1173 2788 vivet3

283 2831 372 2895 Nam
391 2831 479 2895 nihil
496 2837 676 2897 externum
694 2831 880 2917 ingeritur,
901 2830 951 2896 nil
970 2829 1078 2895 effluit
1095 2838 1200 2897 extra.

216 2957 260 3018 ‘20
282 2956 472 3020 Aeternum
491 2956 552 3021 dea
573 2979 673 3022 saeva
690 2957 801 3041 viget,
823 2978 909 3041 quae
927 2954 1125 3022 conditione

281 3081 417 3147 Mutata
437 3103 508 3146 non
527 3081 602 3168 ipsa
622 3080 726 3163 foret,
747 3103 818 3146 non
836 3081 972 3145 viveret
989 3081 1081 3167 ipsa,

284 3207 399 3290 Atque
418 3229 479 3272 suo
499 3205 582 3271 felix
601 3228 672 3270 non
690 3213 779 3271 esset
803 3206 840 3271 in
859 3204 979 3272 ordine
998 3227 1135 3270 numen.

754 3527 830 3576 Imago
845 3525 956 3566 luvldlae.

371 3789 484 3854 Tarde
503 3789 686 3855 succedens
707 3789 816 3854 tristis
844 3788 1051 3854 Acherontis
1081 3788 1313 3875 primogenite
1337 3789 1423 3856 obli-

216 3921 258 3983 25
283 3936 417 4001 quoque
434 3938 551 4003 passu,
572 3923 671 3980 torvo
691 3915 944 4002 respiciensque
972 3915 1069 3980 oculo
1087 3914 1307 3979 vehementes
1326 3938 1346 3979 a
1365 3938 1424 3980 na-

282 4040 387 4122 ribus,
406 4041 512 4106 oculis
529 4049 563 4106 et
580 4064 637 4107 ore
653 4042 797 4107 suscitat
810 4047 909 4126 (quae
926 4040 969 4106 ad
984 4039 1213 4126 longinquum
1228 4040 1423 4106 sentiantur

282 4165 516 4247 intervallum)
537 4174 772 4255 tempestates,
791 4189 878 4251 quae
897 4190 968 4231 nen
984 4165 1095 4231 selum
1114 4165 1232 4232 domos
1251 4165 1422 4252 diripiunt

344 4379 357 4426 l
375 4378 522 4443 chyrurgi,
535 4378 568 4428 πὸ
580 4379 626 4429 ο’ὲ
640 4380 677 4428 da
690 4376 898 4444 claraviyliarci
910 4378 982 4429 della
995 4378 1095 4429 licentra
1104 4378 1253 4443 prosodiae
1315 4382 1332 4431 8
1348 4397 1422 4431 com·

282 4457 388 4522 pegibu
451 4459 481 4507 10
497 4458 712 4527 congerrat]ric
774 4460 805 4508 ul
821 4459 910 4509 faelix
972 4460 1004 4510 ‘24
1021 4460 1195 4510 Acherontis
